3424 5320
931 451 977 524 90

356 668 520 739 κπεινη
553 641 668 715 τινά
703 644 741 715 et
776 640 838 714 VI.
865 639 975 733 516:
1003 639 1248 734 ὃιωμόοιιντο
1276 640 1319 716 δὲ
1344 632 1448 718 οὗτοι
1473 644 1549 740 μὲν

355 775 561 846 κτεῖναί
577 801 633 866 με
662 769 871 859 Aniciorum
898 793 972 866 quo
999 772 1119 844 altero
1139 771 1220 844 loeo
1242 772 1404 846 libenter
1424 797 1547 849 assen-

355 902 431 975 tior
463 900 734 990 Herwerden0‚
769 901 834 994 qui
869 900 910 971 in
944 899 1255 991 subsequentibus
1281 923 1448 994 quoque:
1476 904 1549 1002 ἐγὼ

356 1028 398 1103 δὲ
425 1032 476 1123 μὴ
503 1028 747 1118 ἀποκτεῖναι,
772 1026 1088 1122 praepositionem
1112 1025 1186 1098 οὶπο
1207 1026 1323 1100 deleri
1343 1028 1460 1102 iubet.
1475 1031 1548 1121 At,

354 1163 398 1232 ut
432 1159 629 1232 redeamus
663 1157 711 1229 ad
743 1159 913 1228 nostrum
948 1153 1049 1244 557,
1086 1153 1167 1226 iure
1202 1153 1425 1228 Weidnerus
1452 1157 1545 1229 mihi

353 1287 563 1360 restituisse
584 1286 735 1360 videtur
755 1283 913 1356 verbum
925 1281 1153 1371 ἀπέκτεινα,
1170 1303 1256 1354 cum
1270 1283 1376 1354 nulls
1389 1284 1545 1379 allegari

354 1415 472 1509 possit
493 1435 604 1486 causa
625 1412 673 1484 ad
695 1410 902 1484 breviorem
923 1409 1086 1484 formem
1098 1410 1249 1482 ἔκτεινα
1264 1409 1545 1484 defendendam.

407 1542 558 1612 Ibidem:
606 1541 675 1614 καὶ
713 1542 774 1622 τίς
813 1541 955 1612 πώποτε
991 1542 1252 1635 χαριζόμενος
1273 1541 1402 1636 Ιἑτέρῳ
1438 1550 1549 1614 τοῦτο

357 1670 561 1768 εἰργάσατο
570 1696 589 1758 ,·
622 1665 738 1760 οἶμαι
771 1665 845 1759 μὲν
879 1667 953 1765 γάρ
983 1666 1144 1752 ου’ὂένα,
1179 1667 1275 1740 οὶλλοὶ
1300 1666 1363 1741 ’δεῖ
1378 1669 1550 1767 μεγάλην

357 1803 426 1890 τὴν
462 1800 619 1896 ἔχθραν
644 1798 829 1895 ὑπάρχειν
854 1805 906 1893 τῷ
929 1805 1040 1894 τοῦτο
1064 1797 1241 1891 μέλλοντι
1268 1807 1456 1889 ποιήσειν,
1479 1800 1550 1872 καὶ

358 1934 427 2020 τὴν
451 1932 636 2027 πρόνοιαν
663 1929 704 2003 ἐκ
725 1927 859 2002 πολλοῦ
880 1927 1050 2022 φανεράν
1070 1923 1172 2000 εἶναι
1195 1927 1548 2022 ἐπιβουλευομένην.

358 2060 463 2145 Quod
494 2059 535 2129 in
568 2057 746 2131 extremis
781 2057 839 2128 his
873 2055 996 2129 verbis
1031 2054 1184 2127 Publius
1216 2054 1481 2149 „Antiphontis
1508 2059 1549 2129 et

358 2209 455 2282 quae
489 2186 598 2280 volgo
631 2185 710 2258 eius
740 2183 915 2257 feruntur
952 2181 1177 2271 cretiones’',
1203 2181 1316 2256 Jever
1346 2180 1455 2271 1874,
1482 2207 1550 2277 pro

357 2313 526 2388 codicum
560 2312 722 2385 lectione
749 2313 790 2383 ἐκ
815 2310 959 2383 πολλῶν
984 2309 1156 2406 φανεροὶν
1182 2306 1284 2382 εἶναι
1310 2309 1550 2400 ἐπιβουλευο-

357 2448 498 2538 μένην,
544 2440 719 2514 coniecit:
761 2442 801 2513 ἐκ
838 2441 974 2516 πολλοῦ
1012 2435 1114 2514 εἶναι
1155 2440 1550 2534 έπιβεβουλευμένην,

360 2592 447 2643 eum
472 2567 744 2641 Herwerdenus
770 2567 907 2639 Mnem.
934 2566 988 2641 XI
1014 2591 1098 2661 psg.
1127 2569 1195 2640 215
1223 2569 1389 2660 edocuit,
1412 2571 1550 2642 etuni-

359 2699 436 2772 λῶν
465 2699 566 2770 reete
600 2717 638 2768 se
663 2693 801 2767 habere
826 2696 866 2768 et
890 2716 968 2768 voc.
995 2695 1187 2790 φανεράν,
1212 2719 1287 2790 quo
1312 2697 1549 2771 referendum

359 2828 410 2901 sit
449 2825 549 2917 §59:
588 2801 662 2923 έγὼ
695 2821 769 2916 μὲν
801 2823 875 2922 yde
905 2833 973 2898 σοῦ
1008 2825 1230 2921 φανεροὶν
1262 2829 1330 2916 τὴν
1361 2833 1550 2924 πρόνοιαν

359 2956 416 3041 εἰς
441 2952 509 3048 ἐμὲ
536 2953 807 3046 ἀποδείκνυμι,
837 2976 946 3050 aegre
975 2954 1187 3029 desiderari.
1220 2955 1548 3030 Condemnandem

359 3088 488 3158 autem
514 3107 592 3158 esse
615 3084 816 3158 lectionem
844 3084 1207 3178 ἐπιβουλευομένην,
1233 3085 1303 3158 hec
1330 3084 1375 3158 de
1397 3108 1437 3158 re
1449 3086 1550 3159 inter

359 3217 563 3308 utrumque
600 3213 796 3302 convenit,
836 3213 900 3286 sed
938 3213 994 3284 ite
1031 3214 1227 3302 convenit,
1265 3217 1329 3304 ut,
1368 3215 1468 3309 quod
1501 3215 1550 3286 ad

360 3362 510 3425 causus,
546 3341 593 3414 ob
627 3362 720 3433 quas
754 3339 848 3410 illud
882 3341 1109 3413 vocabulum
1135 3341 1343 3434 genuinum
1368 3365 1444 3414 non
1470 3365 1548 3416 esse

358 3468 545 3556 iudicent,
570 3490 685 3561 quum
712 3467 875 3538 maxime
896 3466 1139 3556 dissentient3
1162 3491 1251 3540 num
1274 3470 1373 3564 quod
1395 3469 1550 3542 Publius

359 3595 458 3689 ipsa,
484 3617 598 3688 quum
623 3593 783 3688 protulit
809 3594 1024 3667 coniectura
1049 3595 1249 3670 concedere
1276 3597 1444 3686 videtur,
1470 3597 1548 3670 scil.

359 3725 544 3819 πρόνοιαν
590 3723 906 3814 ἐπιβουλεύεσθαι
943 3747 1010 3817 per
1047 3746 1087 3796 se
1115 3726 1336 3818 spectatum
1373 3728 1475 3798 recte
1511 3747 1551 3798 se

358 3852 516 3941 hebere,
550 3851 590 3923 id
621 3851 892 3926 Herwerdenus
917 3852 1060 3947 optimo
1087 3852 1168 3925 iure
1193 3852 1392 3942 infitietur,
1422 3874 1550 3946 „prue-

359 3980 668 4053 meditutionem”
701 3981 802 4053 enim
827 3981 953 4075 inquit
977 3979 1036 4054 vir
1061 3979 1295 4052 doctissimus
1325 3979 1418 4066 „dici
1443 4001 1551 4074 posse

361 4109 698 4204 ἐπιβουλεύεσθαι,
735 4132 811 4183 non
845 4109 918 4181 nisi
951 4108 1121 4202 exemplo
1155 4107 1277 4181 victus
1314 4107 1552 4182 concedam.''

360 4237 410 4310 Et
442 4236 628 4332 profecto,
665 4259 725 4310 me
758 4259 906 4330 quoque
939 4237 1015 4307 iam
1042 4234 1185 4307 dudum
1211 4257 1256 4306 ee
1279 4257 1337 4308 res
1361 4236 1461 4309 mele
1487 4235 1554 4308 he-

360 4364 464 4455 buit,
503 4369 658 4459 erutque
697 4386 764 4437 cur
801 4363 1027 4438 conicerem:
1067 4363 1470 4459 ἐπιβεβουλευμένον,
1505 4365 1555 4438 ed

362 4493 585 4566 antecedens
611 4495 652 4567 ἐκ
677 4492 821 4567 πολλῶν
845 4492 1093 4566 referendum.
