3424 5320
780 449 825 525 73

212 644 257 712 ut
293 640 363 712 hoc
399 639 480 712 loco
517 638 575 712 in:
617 645 693 712 τῶν
726 638 801 712 οέπὸ
835 649 914 713 τοῦ
945 641 1096 724 πλοίου,
1132 659 1207 710 non
1241 637 1401 731 amplius

211 767 398 841 indicatur
429 770 555 840 totum
589 790 707 862 genus
740 791 889 856 eorum,
923 791 1015 862 quos
1040 767 1236 863 genetivus
1262 765 1316 839 rei
1341 766 1401 839 de·

211 896 354 989 signat,
384 918 461 968 non
481 875 633 967 =nautae
666 895 706 966 in
732 895 968 984 universum,
995 894 1120 968 scd-ei
1148 893 1402 983 solummodo,

211 1021 275 1115 qui
313 1022 506 1115 pertinent
542 1022 589 1092 ad
626 1044 781 1111 navem,
820 1023 866 1095 de
899 1047 975 1115 qua
1009 1045 1131 1096 sermo
1165 1024 1242 1110 est,
1275 1021 1332 1094 ita
1357 1024 1402 1094 ut

210 1148 326 1223 verba
351 1156 429 1222 τῶν
455 1147 531 1221 οέπὸ
556 1157 622 1223 τοῦ
649 1150 782 1224 πλοίου
807 1151 934 1244 potius
960 1151 1133 1223 valeant:
1162 1171 1311 1238 eorum,
1337 1149 1401 1243 qui

211 1277 259 1348 ad
285 1298 440 1366 navem,
465 1277 505 1348 in
530 1300 645 1370 quam
666 1279 1035 1368 transmitteremus,
1058 1278 1317 1371 pertinebant,
1331 1277 1355 1348 i.
1369 1299 1401 1350 e.

210 1406 345 1475 nautas
371 1425 457 1476 cum
480 1405 674 1477 ministris,
701 1449 750 1456 —
775 1405 898 1490 Nemo
924 1428 1011 1501 ergo
1037 1409 1192 1500 paratus
1213 1406 1295 1478 erat
1316 1425 1401 1498 pro·

209 1531 342 1620 fidissi,
368 1554 490 1625 neque
516 1555 666 1623 eorum,
688 1534 753 1627 qui
775 1557 909 1607 navem
930 1533 1402 1626 administrabant‚neque

211 1680 362 1747 eorum,
387 1659 453 1752 qui
479 1659 607 1733 eadem
636 1683 679 1733 ac
704 1661 868 1735 Herodes
894 1662 1101 1735 utebantur
1126 1661 1227 1733 navi.
1256 1703 1300 1713 -
1327 1659 1400 1748 At,

210 1786 365 1880 quinam
399 1791 509 1860 erant
543 1787 582 1859 hi
616 1789 748 1862 alterii
783 1788 918 1863 Nonne
953 1790 1070 1863 etiam
1103 1789 1158 1878 ei,
1193 1788 1259 1882 qui
1284 1787 1400 1861 verba

210 1913 320 2003 facit,
343 1915 595 2007 συμπλέοντες
618 1917 749 1989 erantt
772 1916 1020 1990 Proferuntur
1034 1916 1136 1989 enim
1149 1916 1284 1989 verba:
1299 1916 1403 2010 αὐτῷ

210 2049 262 2136 τῷ
297 2041 446 2140 Ἡρῴδῃ
480 2046 590 2116 tanta
627 2066 713 2116 cum
741 2043 799 2132 vi,
825 2045 870 2114 ut
895 2044 955 2117 vel
980 2043 1092 2116 inviti
1125 2043 1171 2115 de
1196 2043 1307 2114 unius
1333 2042 1402 2115 He·

210 2169 309 2241 rodis
334 2171 533 2243 comitibus
554 2191 763 2244 sermonem
786 2192 864 2243 esse
886 2171 1089 2243 credamne.
1113 2169 1171 2242 Ad
1192 2169 1288 2240 hanc
1308 2168 1400 2239 diffi-

211 2296 395 2370 cultatem
419 2297 542 2370 altera
566 2297 728 2385 accedit,
755 2319 872 2390 eaque
893 2298 967 2369 sita
988 2299 1027 2369 in
1049 2297 1261 2391 ipsa,quae
1274 2296 1402 2369 adesse

212 2423 335 2513 debet,
362 2425 605 2519 oppositione.
630 2423 667 2496 N
668 2447 730 2496 am
756 2427 855 2497 recte
881 2424 1033 2518 quidem
1059 2423 1214 2496 dicitur:
1242 2445 1310 2518 ego
1336 2446 1401 2516 pa·
1480 2497 1484 2506 ,

211 2553 319 2623 ratus
352 2573 455 2625 eram
482 2575 610 2624 meum
636 2552 788 2625 mittere
814 2552 1079 2646 pedisequum,
1102 2574 1189 2624 cum
1210 2572 1321 2623 nemo
1346 2550 1401 2624 ire

209 2679 323 2752 vellet
356 2688 433 2753 τῶν
460 2679 536 2753 π’πὸ
560 2690 625 2754 τοῦ
650 2680 778 2753 πλοίου
804 2679 828 2752 i.
842 2701 874 2752 e.
900 2701 1113 2767 servorum,
1139 2680 1208 2750 aut
1232 2679 1332 2750 certe
1357 2698 1402 2748 ex

209 2806 340 2879 infima
364 2812 478 2902 gente
504 2809 718 2894 hominum;
746 2811 804 2895 at,
831 2809 1031 2900 postquam
1053 2804 1170 2893 dixit,
1191 2826 1259 2884 nec
1273 2827 1401 2898 quem-

209 2956 324 3026 quam
359 2934 413 3007 ire
447 2934 609 3008 voluisse
643 2957 792 3022 eorum,
827 2933 892 3026 qui
925 2935 1119 3026 praeterea
1144 2954 1229 3004 cum
1256 2931 1402 3006 Herode

210 3061 454 3154 navigarent,
493 3060 722 3155 pergendum
756 3063 856 3132 erat:
892 3062 977 3132 tum
1011 3059 1184 3153 equidem
1219 3059 1401 3154 proficisci

209 3189 364 3280 paratus
398 3209 521 3278 eram,
555 3209 630 3260 non
663 3189 811 3260 autem:
847 3186 920 3283 ἐγὼ
950 3189 1019 3260 τὸν
1045 3186 1264 3262 ἀκόλουθον
1290 3210 1324 3280 q.
1352 3209 1399 3275 s.;

209 3315 358 3408 quando
394 3315 544 3410 quidem
581 3339 657 3389 non
688 3316 788 3389 idem
814 3317 935 3390 valet:
958 3317 1082 3410 ipsum
1108 3317 1162 3389 ire
1187 3319 1226 3389 et
1252 3338 1402 3390 servum

209 3464 320 3513 suum
348 3443 521 3531 mittere,
547 3465 615 3516 nec
639 3443 793 3517 omnino
818 3444 1059 3517 dictumest:
1084 3445 1174 3528 τοὺς
1195 3444 1400 3535 συμπλέον-

211 3595 283 3650 τας
317 3590 402 3641 suos
436 3569 602 3663 ipsorum
637 3592 761 3644 servos
794 3572 900 3644 mitti
933 3594 1132 3646 recusasse.
1163 3572 1276 3661 Ecce,
1300 3571 1402 3643 haud

211 3716 372 3790 paucae,
418 3715 514 3788 quae
552 3695 716 3769 traditae
752 3698 907 3771 lectioni
946 3699 1101 3771 obstant
1137 3698 1400 3787 difficultates,

211 3845 304 3918 quas
338 3826 467 3896 tamen
501 3845 630 3896 omnes
665 3825 892 3898 summoveri
917 3828 1028 3918 puto,
1056 3826 1086 3897 si
1112 3826 1289 3920 legimus:
1316 3828 1401 3898 οὔτε

211 3958 289 4026 τῶν
314 3953 441 4025 αὐτοῦ
467 3957 549 4024 τοῦ
575 3947 756 4046 Ἡρῴδου
783 3953 1046 4042 συμπλεόντων
1071 3953 1095 4024 i.
1111 3975 1141 4026 e.
1169 3975 1288 4046 neque
1302 3952 1401 4046 quis·

211 4101 325 4173 quam
350 4079 467 4172 ipsius
492 4078 650 4152 Herodis
673 4101 887 4168 servorum,
909 4103 986 4152 una
1007 4081 1200 4154 nobiscum
1221 4078 1401 4174 navigan-

210 4206 319 4279 tium.
345 4205 409 4276 Sin
430 4208 561 4278 autem
583 4207 666 4300 quis
688 4207 846 4280 fortasse
866 4208 1108 4301 participium
1129 4207 1399 4300 συμπλεόντων

210 4333 339 4405 abesse
364 4333 531 4421 mavult,
558 4334 731 4427 equidem
756 4357 833 4406 non
859 4334 967 4408 valde
994 4333 1222 4428 refragabor.

257 4458 453 4550 Ceterum,
473 4461 646 4553 quamvis
667 4461 802 4552 sciam,
823 4464 924 4536 recte
945 4483 984 4535 se
997 4461 1133 4534 habere
1145 4461 1260 4534 verba
1271 4466 1400 4536 καίτοι
