3366 5324
869 439 918 516 40
945 551 955 562 .

302 633 465 706 maxime
489 653 621 705 cavere
644 631 752 704 decet
776 633 816 704 et
840 628 1069 727 providete.”
1107 629 1210 704 Hace
1233 631 1266 703 si
1290 633 1394 704 recte
1420 631 1504 704 dis-

300 763 438 854 putata
457 763 566 848 sunt,
586 759 744 831 fortasse
764 757 916 831 concedi
933 757 1027 828 mihi
1039 760 1185 850 potest,
1198 782 1267 852 pro
1278 757 1502 851 εὐσεβοῖντ’

300 887 500 983 legendum
532 907 629 959 εοεαε
656 883 867 982 ἁγι·εύοιντ’
893 885 954 960 vel
980 886 1153 958 ὁοιοῑνι’.
1182 929 1227 940 -
1249 867 1428 962 Gctenum
1453 888 1501 960 in

302 1014 562 1109 sequentibus:
597 1015 721 1102 πάσης
755 1011 885 1109 δὐτιὲρ
918 1013 1074 1086 πάντων
1085 1014 1200 1094 cett,
1225 1015 1316 1108 quia
1340 1019 1500 1088 nostrae

301 1141 542 1235 explicationi
565 1165 642 1215 non
666 1141 842 1214 convenit
861 1140 1048 1233 panicula
1073 1137 1120 1224 δ’,
1143 1162 1220 1212 non
1241 1139 1375 1213 dubito
1387 1163 1500 1235 repo-

301 1290 408 1352 nere,
448 1291 544 1363 quae
579 1269 791 1363 flagitatur,
828 1268 1057 1362 particulam
1094 1267 1140 1338 τ’.
1182 1267 1229 1338 In
1262 1267 1315 1340 eis
1339 1272 1496 1358 autem,

300 1417 396 1489 quae
427 1395 674 1494 antecedunt:
710 1439 756 1450 -
790 1398 880 1469 ὅσια
912 1395 994 1468 ἀλλ’
1032 1394 1161 1469 α’νόσι’
1199 1395 1252 1468 ἂν
1284 1396 1496 1489 πάθοιμεν,

300 1523 416 1595 verba
450 1519 528 1594 ἀλλ’
561 1523 689 1598 οὶνόσί
716 1523 904 1597 reddenda
927 1526 1043 1618 puto,
1069 1523 1130 1596 oui
1153 1522 1349 1609 debentur,
1374 1523 1495 1596 inter·

300 1650 474 1742 polatori.

350 1773 385 1848 d.
401 1781 422 1868 ἓ
435 1782 456 1870 ξ
473 1777 505 1863 l,
517 1779 549 1850 2.
569 1786 703 1852 τοῦτον
714 1774 789 1871 μὲν
801 1777 902 1862 εἰκὸς
915 1780 1009 1874 πρὸς
1022 1782 1088 1868 τὴν
1105 1780 1240 1854 ἑαυτοῦ
1253 1781 1495 1877 κατηγορίαν

301 1910 540 2001 προςέχοντα
574 1909 642 1980 τὸν
674 1917 768 1981 νοὺν
801 1910 853 2002 μὴ
885 1913 1033 2000 μαθεῖν
1062 1911 1132 1997 τὴν
1157 1907 1370 2006 ἀπολογίαν
1394 1935 1496 2000 μου,

300 2035 405 2129 ὑμᾶς
430 2034 473 2109 δὲ
497 2043 597 2133 χρὴ,
621 2039 913 2134 γιγνώσκοντας
938 2037 998 2109 ὅτι
1020 2040 1130 2127 ἡμεῖς
1149 2035 1224 2130 μὲν
1244 2046 1286 2109 οἱ
1296 2033 1496 2108 ἀντίδικοι
1558 2031 1561 2034 ’

301 2163 386 2236 κατ’
412 2167 565 2239 advocas
590 2168 785 2263 κρίνοντες
812 2163 854 2236 τὸ
878 2170 1036 2262 πρᾶγμα
1062 2168 1218 2249 εἰκότως
1241 2163 1380 2240 δίκαια
1408 2166 1496 2238 ἑκά-

301 2321 398 2390 τεροι
424 2295 564 2379 αὐτοὺς
585 2296 752 2390 οἰόμεθα
774 2295 915 2392 λέγειν,
936 2298 1040 2387 ὑμᾶς
1060 2293 1103 2368 δὲ
1126 2295 1241 2378 ὁσίως
1254 2297 1351 2390 ὁρᾶν
1362 2299 1497 2391 προςή-

302 2448 358 2494 κει
379 2422 427 2494 ια’
447 2429 690 2519 πραχθέντα·
714 2426 756 2497 ἐκ
769 2433 846 2498 τῶν
858 2424 1073 2521 λεγομενων
1086 2425 1162 2522 γάρ
1175 2429 1195 2514 ἡ
1208 2423 1368 2514 ἀλήθεια
1383 2450 1498 2498 σκεπ-

302 2557 370 2624 τέα
408 2553 537 2627 αὐτῶν
573 2553 691 2627 ἐστίν.
732 2552 805 2650 ἐγὼ
837 2550 900 2638 δι’,
935 2553 975 2626 εἰ
1003 2558 1078 2646 μέν
1112 2584 1152 2625 τι
1183 2550 1320 2644 Ψεῦδος
1343 2558 1496 2649 εἴρηκα,

302 2681 474 2780 ὁμολογῶ
500 2683 569 2755 καὶ
594 2693 643 2755 τα
669 2683 799 2778 ὀρθῶς
817 2681 997 2777 εἰρημένα
1021 2679 1348 2779 προςδιαβάλλειν
1371 2679 1496 2754 ἄδικοι

300 2806 415 2884 εἶναι·
448 2809 642 2901 Alteram,
668 2833 784 2905 quam
810 2811 869 2882 sui
895 2809 1116 2884 defendendi
1138 2833 1251 2884 causa
1274 2811 1389 2884 habet
1412 2833 1497 2883 ora·

301 2938 465 3028 tionem,
490 2938 547 3010 ita
566 2938 736 3010 instituit
756 2960 862 3027 reus,
883 2941 926 3010 ut
938 2993 947 3027 ,
961 2938 1061 3032 quod
1074 2937 1308 3010 adversarius
1321 2938 1495 3010 animum

301 3087 377 3136 non
399 3065 490 3137 satis
511 3067 669 3138 verterit
690 3065 738 3136 ad
760 3087 825 3154 ea,
847 3087 943 3159 quae
964 3065 1043 3159 ipse
1059 3064 1496 3160 protulisset‚quodam-

302 3191 413 3264 modo
449 3214 645 3281 excusans,
681 3192 821 3265 iudices
855 3192 954 3287 ipsos
987 3191 1229 3282 adhortetur,
1264 3194 1309 3264 ut
1334 3192 1414 3265 sine
1438 3192 1498 3264 ira

303 3320 341 3389 et
362 3317 487 3391 studio
510 3341 663 3391 causam
686 3320 902 3392 diiudicent.
925 3319 1018 3392 (ium
1039 3321 1118 3392 iam
1137 3323 1284 3394 certum
1303 3323 1344 3394 ct
1364 3319 1498 3414 procui

303 3443 380 3518 ullo
415 3445 465 3517 sit
495 3445 626 3526 dubio,
660 3447 778 3520 talem
810 3447 930 3520 inesse
963 3446 1095 3520 debere
1126 3448 1270 3536 verbis,
1296 3469 1393 3541 quae
1417 3449 1497 3519 tra·

303 3572 467 3662 duntur,
501 3575 751 3664 sententiam,
785 3574 1078 3670 haudquaquam
1103 3579 1282 3671 apparet,
1309 3572 1496 3669 quomodo

303 3699 390 3772 inde
424 3699 507 3773 elici
535 3702 665 3796 possit.
704 3702 807 3776 Haec
831 3704 959 3775 autem
986 3726 1046 3776 res
1072 3726 1115 3776 eo
1143 3703 1323 3776 difficilior
1348 3701 1496 3790 existit,

302 3828 402 3923 quod
428 3828 524 3901 duae
551 3828 689 3903 adsunt
710 3831 821 3902 unius
844 3829 1083 3924 eiusdemque
1104 3829 1279 3904 vocabuli
1299 3827 1494 3913 lectiones;

302 3959 456 4028 tantum
478 3960 605 4029 autem
627 3957 804 4047 interest,
827 3959 957 4030 utrum
979 3957 1076 4030 hanc
1098 3979 1146 4027 an
1168 3954 1273 4026 illam
1295 3954 1497 4028 lectionem

303 4106 525 4179 sequamur,
568 4087 614 4157 ut
652 4107 695 4158 eo
733 4086 848 4157 verba
885 4085 1080 4178 sequentia
1118 4105 1271 4177 prorsus
1310 4082 1497 4156 diversam

303 4213 490 4307 accipiant
514 4213 812 4306 explicationem.
848 4211 994 4305 Nempe
1021 4211 1067 4300 ii,
1093 4211 1159 4304 qui
1184 4209 1326 4283 codices
1345 4229 1497 4282 accura-

303 4341 382 4412 tius
407 4341 671 4435 inspexerunt,
696 4340 768 4414 NA
780 4365 835 4436 pr.
862 4340 1040 4436 praebere
1069 4337 1245 4412 tradunt:
1278 4342 1355 4434 χρὴ
1381 4340 1496 4436 γινώ-

302 4492 491 4562 σκοντας,
512 4471 545 4544 Α
564 4467 674 4548 corn’
687 4472 837 4544 autem:
854 4472 930 4565 χρὴ
945 4469 1159 4567 γινώσκειν.
1174 4466 1352 4553 Quamvis
1366 4468 1498 4540 autem
