3366 5324
888 470 934 543 24

313 662 474 759 gendam
499 685 596 752 esse,
624 661 757 736 statim
782 661 1005 749 videbimus)
1031 659 1231 732 scelestum
1256 661 1296 732 et
1317 658 1505 733 nefarium

312 790 408 862 illud
445 791 587 864 facinus
623 791 857 886 perpetraret
891 791 930 862 et
963 786 1096 860 deinde
1120 786 1260 859 iterum
1286 788 1387 860 domi
1416 809 1506 860 suae

314 919 483 991 cubitum
530 919 612 992 iret.
652 917 919 1011 Unusquisque
956 914 1064 988 facile
1103 913 1299 1003 concedet,
1337 938 1444 989 reum
1483 938 1507 987 a

314 1047 454 1120 verbis:
491 1048 559 1120 καὶ
591 1047 660 1120 ἐάν
691 1049 745 1140 μὴ
771 1052 884 1138 φανῶ
912 1045 955 1119 ἐν
980 1047 1073 1139 οἴκῳ
1098 1041 1300 1116 naeinam
1325 1043 1506 1137 incipien-

313 1177 414 1264 tem,
449 1198 525 1248 non
560 1197 713 1270 pergere
747 1176 917 1268 oportere
951 1195 1034 1266 per:
1066 1173 1184 1266 ταύτῃ
1217 1183 1260 1264 τῇ
1286 1173 1416 1260 νυκτί,
1443 1171 1508 1244 sed

315 1324 400 1396 per,
425 1302 525 1396 quod
549 1326 670 1375 unum
694 1307 797 1376 recte
822 1324 861 1374 se
889 1300 1020 1373 habet:
1045 1303 1189 1388 ταύτην
1210 1301 1279 1387 τὴν
1299 1301 1419 1373 νύκτα
1434 1299 1458 1371 i.
1474 1321 1506 1372 e.

314 1453 382 1522 per
418 1433 543 1502 totam
579 1432 740 1502 noctem.
780 1427 842 1501 Ita
876 1449 1023 1521 semper
1055 1427 1291 1500 accusativus
1326 1427 1507 1521 temporis

315 1557 482 1652 spatium
511 1556 672 1644 indicat;
709 1555 896 1642 conferas,
930 1557 976 1628 ut
1008 1557 1162 1627 tantum
1187 1578 1233 1628 ex
1258 1555 1397 1627 atticae
1424 1577 1507 1627 ora-

315 1686 429 1758 tionis
467 1685 709 1779 scriptoribus
748 1683 913 1756 maxime
950 1684 1118 1777 probatis
1150 1683 1322 1776 exempla
1356 1684 1507 1776 petam,

317 1811 578 1905 Aristophanis
612 1812 699 1884 nub.
736 1834 788 1885 vs,
817 1810 883 1882 36:
912 1817 1064 1907 στρέφει
1089 1814 1155 1900 τὴν
1181 1811 1301 1905 νύχθ’
1330 1811 1439 1900 ὅλην,
1468 1812 1509 1883 et

318 1940 487 2014 Platonis
522 1962 684 2034 sympos.
721 1939 790 2011 219
824 1961 871 2012 c.:
908 1942 1136 2032 κατεκείμην
1161 1943 1228 2028 τὴν
1253 1941 1373 2013 νύκτα
1400 1939 1510 2028 ὅλην,

317 2069 383 2141 ubi
420 2068 591 2142 additum
630 2073 688 2143 est
727 2090 804 2142 voc.
837 2069 943 2157 ὃλην,
979 2073 1024 2141 ut
1060 2069 1136 2158 vis,
1166 2090 1262 2163 quae
1292 2069 1510 2142 accusativo

230 2283 233 2290 ,
317 2197 426 2284 inest,
454 2197 570 2270 etiam
597 2197 717 2292 magis
743 2198 973 2271 intendatur.
1001 2197 1081 2270 Hoc
1107 2196 1217 2270 modo
1244 2196 1394 2291 scripta,
1408 2198 1511 2292 prior

317 2324 434 2418 igitur
467 2347 553 2417 pars
587 2325 788 2397 verborum
821 2325 897 2398 iam
935 2329 1035 2398 recte
1069 2349 1107 2399 se
1140 2326 1312 2412 habebit;
1340 2330 1401 2414 at,
1428 2348 1512 2399 eece

318 2452 395 2523 iam
416 2474 533 2543 nova,
560 2474 657 2546 quae
683 2455 768 2526 orta
794 2457 850 2526 est
875 2453 1086 2527 difficultas.
1111 2453 1303 2540 Quomodo
1329 2453 1430 2526 enim
1456 2454 1512 2528 rei

319 2577 452 2654 δοῦλοι
477 2582 516 2653 et
541 2577 676 2654 δοῦλαι
700 2581 792 2654 scire
819 2583 858 2653 et
884 2581 1042 2676 probare
1066 2585 1293 2675 potuerunt,
1314 2581 1512 2653 dominum

319 2731 385 2802 per
422 2710 545 2783 totam
584 2712 734 2783 noctem
770 2708 871 2782 domi
905 2708 1042 2782 fuisset
1079 2709 1160 2783 Hoc
1195 2714 1288 2803 puto
1319 2732 1395 2782 non
1428 2712 1512 2782 tam

318 2836 426 2910 iacile
460 2836 507 2909 ad
533 2837 866 2911 demonstrandum
894 2836 1029 2928 fuisse,
1056 2837 1126 2910 nisi
1154 2838 1252 2911 forte
1277 2837 1421 2910 adferre
1446 2860 1512 2911 vo-

318 2967 445 3040 lumus
483 2968 751 3062 argumentum
792 2966 1002 3060 quoddam,
1040 2965 1140 3061 quod
1178 2970 1323 3040 certum
1359 2966 1514 3060 quidem

319 3115 397 3167 esse
435 3094 581 3186 potuit,
620 3093 684 3166 sed
711 3077 848 3167 ‘tamen
880 3094 1049 3167 omnium
1084 3094 1247 3166 maxime
1282 3094 1514 3168 reiciendum

320 3224 387 3294 est.
427 3219 481 3294 Ob
518 3221 586 3293 has
619 3222 710 3294 duas
746 3221 985 3296 difficultates
1019 3221 1094 3294 alia
1127 3246 1196 3318 ego
1229 3223 1377 3296 ratione
1411 3224 1514 3314 loco,

319 3347 519 3422 manifesto
552 3341 776 3442 depravato,
812 3348 1076 3443 opitulandum
1112 3354 1215 3444 puto.
1242 3349 1317 3424 Ubi
1344 3350 1513 3424 enimin

320 3498 396 3549 uno
421 3475 624 3570 eodemque
651 3476 756 3550 brevi
781 3477 983 3550 verborum
1003 3480 1200 3576 complexu
1222 3479 1295 3552 duo
1318 3478 1511 3552 ueletiam

320 3603 429 3696 plura
455 3603 549 3677 vitia
574 3607 746 3690 exstant,
773 3607 863 3678 ante
889 3606 1016 3679 omnia
1041 3606 1120 3697 lex,
1146 3607 1185 3678 in
1214 3607 1419 3682 exercenda
1431 3607 1515 3679 arte

208 3809 212 3818 ¹
321 3731 452 3803 critica
475 3755 621 3827 semper
647 3733 897 3822 observanda,
922 3732 1141 3829 investigari
1162 3735 1286 3823 iubet,
1308 3759 1400 3807 num
1414 3735 1514 3810 forte

320 3860 528 3933 communis
561 3861 741 3935 vitiorum
778 3862 876 3934 adsit
901 3861 1015 3957 origo.
1043 3862 1134 3936 Inde
1158 3863 1405 3957 proficiscenti
1429 3867 1515 3938 tota

320 3986 414 4058 mihi
439 3987 588 4060 videtur
614 3989 832 4084 depravatio
857 3989 944 4062 inde
970 3994 1054 4064 orta
1080 4013 1178 4080 esse,
1204 3992 1303 4086 quod
1328 3995 1516 4088 particula

317 4121 371 4205 μή
408 4137 477 4188 sua
516 4115 600 4188 sede
639 4115 794 4209 depulsa
833 4118 871 4189 et
910 4118 1032 4192 alieno
1072 4117 1153 4191 loco
1191 4119 1334 4193 inserta
1371 4121 1431 4193 sit.
1467 4121 1513 4195 cf.

314 4243 363 4335 β.
399 4241 472 4332 56.
508 4242 569 4315 Ita
599 4242 792 4337 equidem,
827 4244 1004 4318 traducta
1035 4247 1188 4317 tantum
1213 4250 1310 4340 part.
1336 4255 1391 4342 μὴ
1416 4249 1515 4344 lege-

320 4369 408 4440 rim:
445 4371 513 4444 καὶ
548 4370 617 4444 ἐὰν
654 4379 766 4464 φανῶ
799 4377 916 4471 ταύτῃ
941 4384 985 4466 τῇ
1011 4374 1124 4446 νυκτὶ
1148 4377 1200 4467 μὴ
1227 4375 1269 4448 ἐν
1295 4379 1388 4473 οἴκῳ
1413 4383 1515 4450 καθ-

320 4494 438 4572 εύδων
466 4522 501 4593 q.
518 4522 565 4591 s,
593 4524 668 4596 qua
693 4501 984 4598 transpositione
1011 4503 1050 4574 et
1073 4504 1173 4576 recte
1198 4504 1375 4577 sehabet
1399 4506 1515 4581 dandi
