3366 5324
738 463 784 535 dd

162 652 330 726 conferre
368 652 490 726 voluit
525 653 693 747 culpam;
729 651 883 726 hoccine
915 650 1111 726 terendum
1144 653 1224 726 estl
1259 653 1355 739 Qua-

160 783 316 874 propter
342 779 516 874 equidem
542 802 620 854 non
640 780 772 853 dubito
783 835 793 870 ,
814 779 907 874 quin
927 781 1042 854 codex
1055 780 1092 854 N
1104 781 1356 876 interpolatus

161 908 211 978 sit
249 930 274 977 a
311 907 475 1001 quodam
513 907 671 998 lectore,
709 906 774 1001 qui
805 906 991 1001 quomodo
1026 929 1065 981 se
1097 929 1156 980 res
1182 908 1356 999 haberet,

161 1035 288 1106 minus
321 1035 567 1129 perspiciens,
601 1035 730 1109 fictam
764 1057 788 1106 a
812 1056 851 1108 se
876 1033 1136 1108 difficultatem
1163 1058 1357 1110 removere

161 1161 313 1234 studuit
337 1162 467 1234 addita
491 1163 692 1258 negatione
716 1163 805 1257 ον’χ.

210 1289 312 1361 Data
345 1290 535 1363 occasione
568 1292 765 1364 attentum
799 1288 935 1379 velim,
969 1312 1086 1383 quam
1112 1290 1211 1363 male
1235 1290 1275 1362 in
1301 1313 1355 1364 se-

158 1416 385 1509 quentibuS,
412 1439 509 1511 quae
533 1441 557 1489 a
582 1417 724 1492 verbis:
751 1417 790 1492 εἰ
809 1415 858 1490 δι’
878 1444 939 1491 τοι
964 1418 1034 1491 καὶ
1055 1418 1127 1491 ὑπὸ
1140 1425 1207 1493 τοῦ
1222 1419 1356 1517 ἰατροῦ

158 1545 359 1618 ἀπέθανεν
383 1523 590 1640 incipiunt,
615 1567 654 1619 se
679 1545 819 1618 habeat
843 1567 1050 1640 pronomen
1076 1546 1267 1638 adrds,in
1280 1570 1357 1619 una

158 1657 367 1766 eademqne
401 1673 602 1746 verborum
635 1671 786 1766 periodo
819 1675 954 1767 quater
988 1673 1211 1748 adhibitum.
1263 1675 1355 1748 Cum

158 1801 263 1874 enim
301 1800 469 1895 primum
506 1799 602 1873 illud
635 1801 754 1874 αὐτοῦ
788 1801 836 1872 ad
870 1824 996 1875 senem
1031 1805 1196 1897 spectet,
1230 1806 1356 1877 cetera

158 1934 292 2002 autem
320 1929 414 2018 tria,
441 1950 538 2023 quae
564 1931 774 2023 sequuntur
799 1931 1040 2024 pronomina:
1068 1935 1206 2020 αὐτόν,
1234 1935 1356 2026 αὐτῷ,

158 2059 265 2154 αὐτῷ
290 2057 338 2128 ad
362 2078 483 2128 unum
513 2055 700 2129 medicum
728 2056 925 2131 referenda
950 2058 1048 2148 sint,
1074 2081 1142 2154 ego
1168 2060 1355 2154 paenulti-

158 2209 267 2258 mum
298 2184 395 2257 illud
428 2185 551 2280 αὐτῷ,
585 2184 677 2278 quia
710 2185 815 2258 salva
840 2185 1031 2258 sententia
1056 2185 1186 2259 abesse
1210 2189 1355 2281 potest,

158 2337 276 2408 quam
301 2313 465 2386 maxime
490 2313 708 2407 suspectum
732 2312 862 2385 habeo.
889 2311 970 2385 Dici
995 2312 1097 2385 enim
1121 2313 1185 2387 vix
1210 2316 1355 2409 potest,

162 2443 310 2537 quoties
339 2441 433 2514 talia
458 2440 681 2535 pronomina
705 2462 728 2511 a
754 2441 1012 2536 grammaticis
1038 2442 1169 2515 addita
1187 2443 1284 2534 sint,
1310 2446 1356 2516 ut

161 2571 368 2646 rectissime
392 2572 523 2644 monet
547 2570 594 2642 H.
622 2568 807 2665 Sauppius
833 2592 889 2665 ep.
919 2571 1003 2645 cn't.
1029 2595 1113 2667 pag.
1141 2571 1199 2647 36.

212 2698 248 2773 δ.
269 2700 338 2791 52.
365 2699 386 2772 ὁ
409 2696 485 2792 μὲν
508 2688 577 2774 οὖν
603 2695 755 2771 διώκων
780 2699 849 2772 οὐκ
874 2699 996 2773 εἰκόσι
1017 2703 1233 2798 τεκμηρίοις
1251 2704 1355 2798 χρώ·

162 2855 279 2922 μενος
316 2838 450 2903 τοῦτον
487 2829 556 2900 τὸν
592 2826 766 2924 ἄρξαντά
803 2854 923 2920 φησιν
960 2825 1074 2905 εἶναι.
1112 2829 1150 2902 εἰ
1177 2828 1253 2924 μὲν
1283 2829 1356 2926 γάρ

163 2961 285 3056 ὥσπερ
322 2957 480 3049 βλέπειν
516 2955 590 3050 μὲν
622 2968 707 3030 τοῖν
746 2955 973 3050 ὀφθαλμοῖν
1006 2955 1159 3032 ἀκούειν
1199 2955 1239 3030 δὲ
1274 2971 1357 3042 τοῖς

162 3089 277 3177 ὠσίν,
310 3087 407 3160 οὕτω
441 3085 541 3164 κατὰ
573 3088 693 3177 φύσιν
726 3079 771 3174 ἢν
804 3086 982 3183 ὑβρίζειν
1015 3083 1090 3172 μὲν
1113 3087 1203 3172 τοὺς
1227 3093 1355 3173 νέους,

163 3226 377 3310 σωφρονεῖν
409 3212 451 3288 δὲ
486 3214 574 3298 τοὺς
606 3220 810 3312 γέροντας,
847 3211 960 3288 οὐδὲν
989 3215 1041 3289 ἂν
1073 3227 1140 3307 τῆς
1165 3217 1354 3311 ὑμετέρας

163 3350 324 3445 κρίσεως
357 3341 444 3418 ἔδει·
479 3344 574 3430 αὐτὴ
608 3342 682 3440 peip
715 3347 736 3431 ἡ
761 3341 891 3432 ἡλικία
917 3352 994 3438 τῶν
1019 3349 1116 3418 νέων
1143 3350 1352 3443 κατέκρινε.

162 3474 234 3548 Rei
257 3471 371 3546 amici
395 3471 623 3565 impugnant
647 3470 765 3565 igitur
789 3471 860 3545 hoc
884 3471 966 3546 loco
992 3494 1057 3563 ea,
1084 3497 1190 3569 quae·
1206 3497 1354 3548 accusa-

162 3605 227 3677 tor
260 3630 296 3699 y.
333 3599 408 3692 52.
440 3598 669 3692 protulerat:
696 3599 872 3673 iuvenem
897 3600 1051 3674 initium
1076 3600 1206 3677 fecisse
1231 3603 1355 3694 rixae,

162 3730 383 3826 petulanter
414 3726 515 3799 enim
553 3728 591 3800 et
624 3726 763 3820 iniquis
797 3727 971 3801 manibus
1005 3729 1171 3802 alterum
1203 3732 1356 3828 aggredi

162 3859 345 3932 iuvenum
370 3854 491 3950 magis
516 3876 594 3926 esse
614 3876 729 3948 quam
750 3877 895 3928 senum.
922 3856 1195 3954 Atqui5pergit
1210 3862 1355 3951 orator,

163 3985 196 4058 si
222 3982 391 4058 omnium
412 3981 592 4055 iuvenum
614 3981 807 4076 proprium
829 3985 927 4056 esset
942 3984 1098 4060 ferocire
1111 3987 1356 4080 omniumque

164 4133 298 4188 senum
330 4110 535 4206 prudenter
567 4131 696 4205 agere,
730 4110 844 4183 nullis
878 4134 988 4205 porro
1019 4135 1112 4208 opus
1138 4116 1236 4188 esset
1260 4114 1354 4186 iudi-

164 4240 248 4329 ciis,
272 4262 362 4311 nam
383 4238 464 4332 ipsa
484 4236 661 4311 iuventus
682 4236 949 4312 condemnaret
962 4239 1246 4314 adolescentem.
1263 4239 1355 4313 Cum

164 4371 296 4441 autem
326 4389 458 4440 revera
490 4365 603 4438 multi
628 4364 782 4438 iuvenes
808 4366 1012 4460 prudenter
1037 4368 1224 4463 multique
1251 4391 1356 4444 senes

164 4495 322 4591 superbe
348 4495 503 4591 agentes
527 4492 792 4583 inveniantur,
816 4493 972 4570 iuvenes
997 4518 1073 4569 non
1096 4498 1186 4569 sunt
1206 4498 1355 4594 inperi-
