3424 5320
790 469 834 544 67

228 656 330 728 tione
363 657 563 730 restituere
592 657 758 746 studens,
780 657 970 750 praebeat,
992 679 1066 751 quo
1087 658 1194 730 novis
1215 657 1421 731 obruamur

228 783 532 872 difficultatibus;
563 806 673 870 „nam
701 783 928 856 absurdum’
952 785 1158 858 rectissime
1170 785 1295 879 inquit
1307 784 1420 856 Hart-

227 931 360 980 manus
398 910 568 996 „videtur
593 913 891 1004 ἀμφισβήτησιν
918 912 1091 985 bortiaco
1118 956 1164 964 -
1193 915 1246 997 ὡς
1272 915 1420 1004 ἀμφισ-

229 1035 450 1128 βητήσων.”
485 1037 564 1122 Quo
591 1041 706 1111 etiam
732 1040 894 1128 accedit,
919 1041 1019 1133 quod
1043 1040 1191 1111 rixandi
1214 1041 1338 1113 locum
1364 1063 1420 1113 re·

228 1163 383 1256 liquisse
415 1164 590 1237 dicendus
625 1169 704 1256 est,
735 1190 812 1240 non
843 1170 888 1238 ut
922 1189 965 1239 eo
999 1169 1134 1239 utatur
1162 1169 1204 1240 ἐν
1229 1180 1312 1250 τοῖς
1337 1171 1420 1240 τότε

229 1286 461 1380 δικασταῖς,
494 1292 557 1364 sed
591 1293 743 1384 statim,
776 1298 977 1388 postquam
1012 1295 1206 1366 absolutus
1240 1296 1290 1367 sit
1322 1317 1418 1368 reus.

228 1417 324 1490 Tum
350 1420 451 1491 enim
478 1419 741 1511 ἀμφισβητεῖν
766 1421 789 1492 i.
815 1444 847 1494 e.
877 1422 1018 1514 „ipsam
1045 1421 1324 1494 absolutionem
1335 1423 1419 1494 irri-

228 1549 309 1616 tam
335 1546 510 1619 reddere''
537 1548 680 1641 potuit,
706 1571 843 1621 novam
870 1549 1101 1622 instituendo
1128 1552 1418 1622 accusationem.

228 1673 333 1758 Quod
366 1680 495 1747 autem
531 1675 763 1747 Hartmanus
797 1675 1001 1747 offenditur
1024 1674 1124 1764 loco,
1150 1675 1215 1746 ubi
1241 1676 1420 1770 leguntur

227 1799 312 1871 illa:
344 1803 396 1884 ὡς
430 1805 498 1874 καὶ
531 1813 614 1884 τοῖς
638 1806 723 1876 τότε
749 1800 957 1885 δικασταῖς
983 1802 1234 1907 ἀπιστήσων,
1251 1824 1348 1895 quae
1374 1806 1419 1874 ut

227 1929 518 2021 transponamus
544 1929 678 2001 suadet
697 1933 799 2023 post:
824 1931 917 2002 ἑλὼν
940 1921 1027 2003 δἀῧ
1049 1931 1227 2014 ἀξιώσεις
1256 1958 1303 2020 με
1328 1929 1419 2002 ἀπο-

229 2067 377 2128 κτεῖναι
413 2057 464 2140 ὡς
498 2065 564 2130 τοῦ
599 2060 720 2146 φόνον
743 2061 809 2144 τήν
835 2054 1194 2148 δι’κηνώφληκότα,
1219 2057 1260 2128 in
1286 2056 1420 2128 haere

230 2183 312 2255 viro
347 2183 562 2256 doctissimo
597 2186 771 2257 assentiri
803 2208 878 2257 non
909 2207 1081 2278 possum,
1117 2207 1227 2274 nam,
1265 2184 1296 2255 si
1320 2184 1421 2256 inter

229 2333 312 2400 eos,
346 2312 411 2404 qui
436 2312 656 2401 audiebant,
683 2311 840 2384 fortasse
866 2333 964 2382 unus
989 2313 1057 2382 aut
1083 2311 1179 2384 altor
1204 2333 1339 2404 parum
1365 2310 1421 2381 in-

230 2437 447 2528 tellexerat,
473 2439 628 2534 quinam
654 2440 731 2512 sint
758 2448 800 2512 οῖ
821 2443 905 2513 τότε
931 2437 1136 2526 δικασταί,
1161 2439 1192 2510 is
1219 2461 1264 2510 ex
1290 2437 1422 2509 statim

173 2577 176 2582 “
233 2566 546 2660 subsequentibus
580 2568 788 2662 perspicere
812 2568 960 2661 potuit,
986 2567 1143 2640 indicari
1163 2574 1252 2648 τοῖς
1282 2563 1420 2658 Ἀρειο-

229 2697 413 2790 παηίτας.
446 2693 483 2766 N
484 2717 525 2767 ec
557 2718 667 2788 porro
701 2696 776 2767 ista
805 2695 1097 2789 transpositione
1132 2695 1339 2788 quidquam
1365 2693 1421 2765 lu·
1509 2691 1519 2702 '

229 2842 397 2909 cramur,
423 2843 512 2910 nec,
536 2821 568 2892 si
594 2823 686 2914 quid
711 2823 828 2894 etiam
848 2832 891 2914 τῇ
914 2823 1082 2918 εὐφωνίᾳ
1093 2821 1338 2892 tribuendum
1352 2821 1421 2906 est,

175 3049 177 3053 v
230 2947 277 3018 ab
310 2947 381 3019 hac
413 2951 521 3041 parte
555 2947 664 3021 valde
697 2949 856 3022 arridet:
892 2951 943 3033 ὡς
973 2959 1040 3024 τοῦ
1066 2952 1188 3040 φόνου
1214 2951 1283 3036 τήν
1308 2947 1420 3035 δίκην

230 3074 448 3166 ὠφληκότα,
477 3075 530 3160 ὡς
555 3077 643 3148 cett.
669 3076 860 3160 Quomodo
885 3077 1130 3170 Antiphontis
1156 3098 1290 3147 manus
1315 3077 1421 3148 resti-

228 3202 370 3275 tuenda
397 3204 467 3295 sit,
490 3205 633 3293 nescio,
655 3203 844 3276 sententia
865 3207 1007 3293 autem,
1029 3228 1144 3298 quam
1167 3203 1419 3276 desideramus

227 3337 285 3404 cst
319 3331 451 3405 haece:
488 3333 617 3406 ἔπειτα
654 3331 694 3405 δὲ
724 3333 802 3426 οὐχ
828 3334 896 3425 (ὡς
921 3336 1108 3407 πιστεύων
1134 3341 1184 3430 τῷ
1209 3332 1421 3429 πράγματι)

228 3459 585 3553 δὲνοιμφισβητήτως
608 3466 676 3534 ἕνα
700 3462 768 3534 τὸν
791 3460 927 3557 ἀγῶνα
949 3465 1109 3558 περὶτοῦ
1124 3463 1291 3549 (αὑτοῦ)
1305 3459 1422 3556 πράη-

229 3613 355 3676 ματος
382 3590 561 3676 ἐποιήσω,
587 3587 664 3672 ᾀλλ’
691 3591 743 3672 ὡς
769 3591 1079 3681 ἀμφισβητήσων
1106 3592 1292 3668 κακνὸν)
1308 3589 1423 3684 λόγον

229 3716 403 3789 νπελίπον
431 3717 472 3788 ἐν
498 3725 582 3798 τοῖς
608 3720 692 3788 τότε
718 3715 935 3800 δικασταῖς.

278 3849 299 3937 ἓ
330 3843 385 3918 17.
420 3845 478 3916 ἔτι
513 3840 555 3914 δὲ
589 3841 678 3936 μάλ’
713 3843 852 3932 ἐδέθην
886 3834 915 3916 ὦ
947 3842 1084 3938 ἄνδρες
1109 3846 1420 3939 παρανομώτατα

230 3971 411 4045 ἁπάντων
446 3970 672 4066 ἀνθρώπων.
709 3971 928 4044 Rectissime
956 3969 1189 4043 Hartmanus
1214 3971 1325 4067 docta
1350 3969 1422 4040 dis·
1468 3977 1470 3980 ’

229 4102 427 4194 putatione
474 4097 680 4171 sententias
717 4096 763 4170 de
801 4097 871 4169 hoc
908 4097 989 4172 loco
1028 4098 1194 4191 prolatas
1232 4097 1422 4184 remeans,

230 4225 519 4315 animadvertit,
546 4225 624 4298 sive
649 4246 736 4296 cum
751 4223 910 4298 Reiskio
936 4229 1021 4318 post
1047 4225 1151 4315 μάλα
1177 4225 1320 4296 inseras
1342 4224 1421 4296 οἰκ-

228 4363 347 4450 τρῶς,
387 4351 533 4436 ἀδίκως
567 4352 626 4424 vel
662 4351 740 4422 tale
776 4351 885 4444 quid,
918 4353 995 4425 sive
1030 4351 1271 4424 Herwerdeni
1297 4352 1355 4423 ἔτι
1382 4350 1423 4424 δὲ

228 4484 396 4576 μᾶλιζλον
432 4481 530 4555 τοῦτ’
558 4480 733 4573 ἀνιῶμαι
757 4479 986 4568 dumosam
1011 4480 1254 4577 proponentis
1280 4480 1423 4553 coniec-
