3424 5320
906 472 952 548 86

329 665 398 738 καὶ
431 664 548 748 αὐτὸς
581 660 650 753 ἤδη
683 668 874 736 τεθνεῶτα
909 662 1133 736 συνανελεῖν
1168 690 1248 755 μοι.
1276 662 1376 754 §492
1404 666 1425 738 ὁ
1450 661 1524 758 μὲν

331 794 405 890 γοὶρ
430 791 565 876 δοῦλος
591 789 660 866 δύο
684 792 785 889 λόγω
810 791 920 889 ἔλεγε·
949 788 1033 864 τοτὲ
1058 787 1133 883 μὲν
1155 791 1226 883 ἔφη
1246 821 1294 883 με
1315 791 1525 890 εἰργάσθαι

330 923 375 994 τὸ
408 923 538 1018 ἔργον,
572 922 657 994 τοτὲ
684 919 727 994 δὲ
753 922 821 995 οὐκ
847 922 927 1013 ἔφη.
957 918 1055 1013 ἓῦὸῑ
1082 921 1121 992 εἰ
1140 920 1214 1018 γαρ
1238 925 1429 1017 ἡγήσαντο
1457 925 1526 996 τὸν

331 1048 458 1146 ἄνδρα
484 1049 624 1123 πείσειν
649 1049 725 1122 οέιιὸ
750 1053 895 1147 πρώτης
921 1047 1236 1138 καταψεύδεσθαί
1254 1078 1351 1141 μου,
1379 1054 1449 1124 ov'u
1475 1052 1526 1127 ἄν

331 1177 410 1251 ποτ’
437 1181 736 1270 ἐμηχανήσαντο
762 1179 811 1251 τοὶ
836 1180 878 1250 ἐν
903 1187 955 1273 τῷ
976 1175 1276 1275 γραμματειδιζο.
1300 1180 1525 1254 Fortassein

332 1328 414 1378 eam
454 1307 703 1400 suspicionem
742 1307 915 1380 inciderit
945 1307 1155 1402 quispiam,
1192 1310 1257 1396 ut,
1294 1308 1418 1380 deleto
1444 1308 1525 1398 553

330 1437 463 1524 verbo,
489 1436 588 1528 quod
613 1437 693 1509 sine
719 1437 797 1509 ullo
819 1435 1030 1508 sententiae
1053 1434 1281 1509 detrimento
1304 1436 1421 1509 deleri
1442 1441 1525 1530 pot-

332 1566 408 1651 est,
435 1568 705 1662 ειργασμένος,
731 1564 865 1637 deinde
890 1564 1003 1636 finem
1027 1564 1216 1656 sequentis
1233 1564 1457 1658 paragraphi
1469 1565 1526 1637 ita

333 1692 639 1765 constituendum
664 1715 743 1765 esse
770 1694 965 1764 autumet:
995 1687 1194 1789 ὁμὲνγοὶρ
1206 1693 1526 1785 βασανιζόμενος

333 1822 476 1914 [αὐτὸς]
526 1823 597 1914 ἔφη
636 1828 1008 1910 <σον>αποκτιῖναι,
1053 1823 1097 1895 τὸ
1136 1820 1178 1894 δὲ
1217 1820 1526 1919 γραμματείὸιον

331 1949 528 2045 ἀνοιχθὲν
554 1949 619 2043 ἐμὲ
646 1959 822 2046 (μόνον)
849 1953 916 2043 (no
941 1973 1009 2045 per
1032 1951 1343 2046 haplographiam
1368 1951 1524 2041 omiss0,

330 2077 465 2151 literae
491 2105 577 2152 νον
602 2080 778 2152 abierunt
803 2079 843 2150 in
868 2078 1036 2151 codicum
1063 2077 1283 2151 lectionem:
1310 2079 1390 2166 τὸν)
1418 2077 1540 2175 [dna

331 2208 550 2299 κτείναντα]
601 2209 756 2301 §privum
801 2206 863 2279 sed
903 2229 950 2279 ne
983 2205 1053 2278 tali
1086 2205 1237 2299 quidem
1280 2209 1525 2299 quantumvis

331 2334 499 2407 violenta
538 2337 577 2408 et
614 2336 746 2409 audaci
778 2334 993 2408 coniectura
1017 2334 1223 2427 quidquam
1249 2333 1524 2427 proficeremus.

331 2458 453 2551 Nam,
478 2461 653 2554 quamvis
679 2460 837 2533 fortasse
862 2461 953 2532 haec
978 2461 1090 2533 lectio
1116 2459 1243 2553 aliquo
1265 2461 1376 2534 modo
1397 2484 1525 2535 conso-

333 2587 424 2660 ciari
457 2589 575 2682 possit
610 2589 681 2678 eis,
717 2609 813 2682 quae
844 2587 885 2658 in
910 2589 1061 2660 tortura
1088 2610 1217 2660 servus
1244 2588 1419 2678 dixisset,
1447 2591 1523 2663 scil.

330 2736 438 2786 reum
465 2737 543 2788 esse
568 2716 637 2790 τὸν
663 2715 966 2802 ἀποκτείναντα,
992 2716 1142 2803 tamen,
1168 2736 1216 2786 ne
1241 2715 1298 2787 ita
1323 2715 1523 2807 faciamus,

331 2864 447 2936 quam
469 2844 632 2918 maxime
646 2846 834 2935 obstant§
849 2843 894 2916 39
908 2843 1042 2917 verba:
1059 2842 1131 2938 ἐγὼ
1144 2839 1192 2915 δι’
1202 2871 1301 2934 φημι
1315 2855 1436 2920 ταῦτα
1449 2844 1524 2937 μὲν

331 2971 377 3043 ου’
401 2972 526 3069 λέγειν
552 2974 693 3064 αὐτόν,
721 2974 781 3045 ὅτι
808 2971 855 3046 δέ
876 2994 907 3045 e.
922 2995 957 3064 q.
972 2994 1001 3043 s.
1031 2969 1241 3064 Utcumque
1265 2995 1304 3045 se
1319 2975 1523 3066 reshabet,

330 3099 463 3192 utique
484 3122 613 3173 censeo
634 3101 716 3194 §53
736 3101 961 3175 vocabulum
983 3104 1236 3197 ειργασμένος
1257 3103 1296 3172 et
1315 3099 1395 3190 §54
1410 3102 1525 3174 verba

331 3229 450 3312 αὐτὸς
478 3229 548 3322 ἔφη
574 3229 800 3304 οἷποκιεῑναι
825 3231 1002 3322 corrupta
1020 3250 1118 3314 esse,
1138 3251 1225 3300 cum
1238 3250 1315 3300 non
1329 3229 1451 3300 solum
1463 3232 1524 3302 tot

330 3358 431 3430 inter
457 3381 495 3431 se
515 3359 829 3432 concordantibus
850 3357 940 3429 locis
961 3379 1074 3449 supra
1086 3356 1192 3429 lectis
1207 3360 1445 3450 oppugnent,
1460 3357 1524 3430 sed

331 3485 448 3557 etiam
470 3488 491 3576 5
506 3484 550 3556 56
574 3487 714 3560 verbis:
731 3488 770 3559 εἰ
777 3486 851 3584 γαρ
866 3491 1055 3582 ἡγήσαντο
1069 3485 1136 3556 τὸν
1150 3483 1276 3581 ἄνδρα
1291 3487 1431 3558 πείσειν
1448 3485 1524 3560 duo

331 3615 476 3710 πρώτης
502 3612 824 3706 καταψεύδεσθαί
842 3641 937 3707 μου,
964 3637 1080 3707 quam
1100 3613 1265 3686 maxime
1288 3613 1522 3686 refellantur.

378 3740 507 3815 Habeo
533 3743 651 3836 igitur
676 3743 838 3832 nodum,
862 3765 974 3836 quem
1000 3740 1186 3834 quomodo
1206 3741 1349 3814 solvere
1370 3741 1522 3835 possim,

328 3868 470 3940 frustra
495 3871 655 3943 elaboro.
682 3871 822 3945 Vereor
847 3893 955 3959 sane,
981 3892 1028 3942 ne
1054 3869 1094 3940 in
1121 3891 1245 3942 errore
1272 3890 1413 3959 verser,
1435 3890 1522 3941 oum

327 3995 424 4067 nihil
459 4021 483 4068 a
515 4019 707 4090 quoquam
741 3999 822 4072 viro
857 3998 966 4070 docto
991 3996 1037 4069 de
1062 3996 1133 4068 tali
1159 3994 1383 4068 difficultate
1407 3995 1521 4068 adno-

327 4125 455 4195 tatum
489 4124 656 4213 videam;
684 4125 748 4196 sed
773 4128 904 4198 tamen
929 4125 1133 4218 impetrare
1159 4146 1182 4194 a
1207 4144 1267 4194 me
1292 4145 1368 4196 non
1392 4123 1522 4218 potui,

327 4253 392 4340 ut,
419 4251 508 4344 quid
535 4275 595 4326 me
620 4255 795 4346 angeret,
822 4253 1029 4325 reticerem.

378 4377 483 4468 555.
522 4380 780 4452 Bohlmannus
814 4403 898 4474 pag.
935 4379 979 4451 25
1014 4401 1089 4471 seq.
1126 4378 1171 4451 de
1204 4378 1274 4452 hoc
1307 4379 1389 4452 loco
1414 4377 1522 4450 docte

329 4503 510 4578 disserens
551 4506 658 4579 nobis
692 4506 915 4601 persuadere
947 4507 1093 4596 studet,
1117 4509 1204 4600 post
1230 4507 1361 4579 verba:
1389 4505 1519 4579 καίτοι
