3366 5324
725 464 772 536 49

142 677 272 751 posse,
308 655 354 727 ut
380 653 475 726 nihil
500 653 682 748 amplius,
708 675 782 748 quo
809 651 1041 726 offendamur
1066 653 1282 742 remaneat,
1309 651 1341 724 si

143 783 325 878 legimus:
355 785 522 880 τροφέας
548 778 742 863 τ’(εί>ναι
767 779 973 878 παρέδωκε.
999 778 1128 852 Omnis
1149 781 1225 852 iam
1248 778 1340 850 diffi-

145 910 270 982 cultas
306 910 484 999 evanuit,
522 933 613 981 nam
650 911 689 981 et
725 908 906 981 habemus
945 905 1201 997 infinitivum,
1227 930 1342 1001 quem

145 1037 411 1131 poscebamus,
434 1039 473 1109 et
494 1037 709 1132 agnoscitur
730 1035 939 1130 particulae
961 1035 1038 1106 καί
1053 1036 1172 1130 origo;
1195 1056 1341 1128 nempe,

144 1166 350 1258 postquam
384 1163 558 1236 hbrarius
594 1163 747 1257 quidam
781 1185 848 1258 pro
883 1159 1019 1236 τέἷναι
1054 1164 1272 1258 scripserat:
1305 1191 1342 1236 τε

147 1315 256 1381 ιναι,
281 1291 363 1365 fieri
388 1313 465 1364 non
490 1293 658 1385 poterat,
679 1291 771 1386 quin
795 1290 929 1364 literae
951 1317 1036 1365 ιναι
1057 1314 1207 1386 quoquo
1230 1291 1341 1365 modo

147 1421 491 1514 corrumperentur.

199 1547 377 1620 Ceterum
414 1547 589 1641 equidem
622 1547 715 1620 scire
749 1547 887 1638 velim,
913 1568 987 1642 quo
1013 1547 1095 1620 iure
1120 1547 1160 1619 in
1187 1569 1342 1641 sequen-

146 1676 270 1750 tibus:
295 1679 361 1748 ἵνα
384 1677 436 1770 μὴ
457 1677 591 1749 σπάνει
613 1684 692 1751 τῶν
713 1676 944 1774 ἀναγκαίων
961 1680 1343 1772 προαποθνῄσκοιμεν

148 1815 215 1896 τῆς
241 1815 399 1902 γηραιοῦ
426 1804 613 1895 τελευτῆς,
639 1805 762 1899 prima
787 1805 887 1877 adsit
913 1805 1017 1879 verbi
1040 1827 1208 1899 persona.
1232 1805 1346 1890 Quasi

150 1935 261 2024 deus,
288 1956 374 2006 cum
401 1933 613 2005 humanum
637 1955 755 2028 genus
781 1932 975 2020 conderet,
1003 1931 1184 2003 maioribus
1206 1931 1344 2005 nostris

150 2065 293 2135 terram
319 2063 435 2154 atque
461 2081 565 2131 mare
586 2060 801 2149 tribuisset,
823 2062 868 2131 ut
890 2058 1001 2145 nobie,
1020 2059 1190 2153 posteris,
1204 2058 1344 2132 altores

150 2191 241 2264 haec
261 2191 406 2278 essent,
428 2188 608 2282 nobisque
621 2189 844 2282 praeberent
857 2187 1066 2261 necessaria
1078 2188 1181 2262 vitae
1195 2191 1342 2260 susten·

151 2318 290 2390 tandae
314 2314 510 2411 praesidia.
537 2313 576 2386 si
600 2314 690 2407 quid
716 2314 857 2406 sentio,
883 2317 1036 2388 extrusa
1061 2315 1174 2387 litera
1198 2343 1229 2410 μ
1256 2314 1345 2387 εο11-

152 2446 316 2519 bendum
342 2443 433 2517 erit:
461 2447 829 2540 προαποθνῄσκοιεν.

202 2573 269 2665 56.
293 2571 333 2646 εί
349 2570 425 2667 μὲν
446 2572 520 2670 γαρ
541 2571 647 2645 ἄκων
668 2571 860 2645 ἀπέκτεινε
872 2573 941 2645 τὸν
956 2571 1099 2668 ἄνδρα,
1115 2571 1224 2658 ἄξιος
1237 2572 1288 2645 ἂν
1301 2567 1346 2662 ἦν

154 2705 383 2800 συγγνώμης
401 2713 535 2794 τυχεῖν
548 2703 667 2786 τινός·
681 2701 795 2798 ὕβρει
809 2699 849 2774 δὲ
864 2702 933 2773 καὶ
945 2701 1137 2798 ἀκολασίᾳ
1150 2707 1347 2799 παροινῶν

153 2831 205 2914 εἰς
235 2829 361 2926 ἄνδρα
396 2830 628 2927 πρεσβύτην,
664 2832 812 2904 τύπτων
848 2858 886 2902 τε
915 2831 985 2902 καὶ
1015 2828 1161 2927 πνίγων
1185 2835 1255 2914 ἕως
1280 2839 1347 2919 τῆς

156 2971 284 3052 ψυχῆς
309 2959 558 3056 ἀπεστέρησεν
582 2957 723 3043 αὐτόν,
752 2959 804 3043 ὡς
830 2955 904 3050 μὲν
937 2958 1167 3044 ιἰποκτείνας
1188 2967 1254 3032 τοῦ
1277 2961 1345 3051 φό-

155 3115 224 3162 νον
270 3097 354 3172 τοῖς
400 3087 610 3180 ἐπιτιμίοις
649 3087 790 3181 ἔνοχός
830 3089 955 3178 ἐστιν,
995 3088 1047 3171 ὡς
1084 3086 1126 3160 δὲ
1167 3092 1346 3184 συγχέων

154 3219 310 3293 ἅπαντα
351 3224 430 3291 τῶν
466 3221 713 3315 γεραιοτέρων
749 3216 816 3308 (Νε
844 3218 913 3291 τὸν
939 3220 1199 3316 γηραιότερον.
1227 3217 1261 3287 Α
1287 3241 1343 3313 pr.

154 3355 231 3419 τῶν
266 3350 543 3444 γεραιρὲτέρων.
582 3368 695 3419 corn:
728 3355 804 3420 τῶν
826 3349 1090 3444 γεραιοτέρων)
1118 3345 1167 3418 τοὶ
1193 3348 1345 3437 νόμιμα

155 3475 312 3582 οὐδενὸς
346 3475 549 3572 ἁμαρτεῖν,
578 3470 639 3560 οἷς
664 3484 706 3548 οἱ
728 3485 893 3550 τοιοῦτοι
919 3476 1168 3566 κολάζονται,
1192 3474 1348 3559 δίκαιός

155 3609 275 3680 ἐστιν.
309 3604 406 3677 Male
435 3626 493 3676 me
521 3605 653 3694 habet,
680 3605 780 3699 quod
806 3627 936 3679 omnes
963 3605 1084 3677 adhuc
1103 3604 1350 3700 Antiphontis

154 3733 314 3807 editores
350 3733 386 3804 h.
410 3731 435 3803 l.
467 3731 646 3805 exhibent
669 3731 889 3808 lectionem:
916 3739 994 3806 τῶν
1018 3738 1286 3830 γεραιοτέρων,
1312 3731 1351 3803 id

154 3862 273 3935 latere
305 3862 486 3956 putantes
520 3859 560 3931 in
594 3857 731 3932 codicis
765 3858 802 3931 N
835 3861 996 3934 lectione
1027 3861 1252 3956 depravata:
1282 3861 1351 3933 τὸν

156 3991 412 4087 γηραιότερον.
439 3987 587 4060 Scilicet
613 3985 701 4058 huic
725 3986 821 4061 libro
845 4009 996 4060 summa
1017 3989 1242 4062 attribuitur
1263 4010 1349 4060 auc·

154 4119 310 4207 toritas,
337 4116 493 4189 alterius
519 4117 648 4187 autem
676 4114 813 4188 codicis
834 4115 869 4188 A
890 4116 1090 4207 lectiones,
1111 4117 1200 4189 licet
1223 4138 1347 4208 saepe-

157 4268 311 4319 numero
359 4243 482 4316 multo
529 4242 606 4314 sint
644 4241 835 4334 meliores,
875 4247 960 4316 tum
998 4245 1151 4318 demum
1189 4242 1347 4315 ahcuius

158 4373 341 4446 momenti
366 4394 446 4446 esse
469 4370 688 4456 censentur,
712 4392 797 4442 cum
816 4372 1058 4445 consentiunt
1077 4393 1164 4443 cum
1176 4369 1238 4457 iis,
1251 4392 1349 4463 quae

156 4499 195 4572 in
220 4502 340 4575 altero
365 4500 432 4573 illo
458 4498 554 4571 libro
579 4497 770 4592 leguntur.
797 4497 897 4571 Nam
924 4522 1011 4572 cum
1030 4497 1141 4571 hodie
1162 4497 1223 4570 vel
1243 4499 1350 4593 pueri

1187 4629 1204 4674 4
