3366 5324
752 461 777 552 'a

213 671 268 744 N:
295 671 530 759 Oxoniensis,
569 671 832 765 bombycinus,
869 672 1028 766 scriptus
1062 672 1210 747 saeculo
1245 673 1356 764 XIV,

164 798 324 873 fortasse
344 821 390 872 ex
412 798 542 871 codem
563 796 723 870 Athonis
744 799 972 872 monasterio
994 800 1184 872 oriundus.
1200 799 1358 873 Constat

148 927 234 999 hoc
267 926 508 1021 apographon
541 949 575 999 a.
606 923 763 1000 1764111
790 925 1056 1000 bibliothecam
1081 928 1355 1001 Meermannia·

166 1077 256 1125 nam
282 1043 460 1148 migrasse
484 1051 544 1142 (cf.
569 1052 793 1126 Iernstedtii
817 1053 841 1125 l.
855 1053 882 1124 1.
908 1076 991 1149 pag.
1015 1054 1179 1146 XXIII),
1201 1055 1300 1128 unde
1318 1055 1356 1126 id

167 1204 191 1253 a
211 1181 417 1255 Gaisfordio
440 1180 620 1254 Oxoniam
638 1181 806 1252 delatum
821 1203 918 1271 esse,
931 1183 1126 1254 contendIt
1138 1182 1203 1256 Ed.
1218 1182 1356 1255 Maetz-

166 1333 278 1384 nerus
299 1310 338 1381 in
360 1308 533 1383 editionis
554 1331 644 1381 suae
665 1307 898 1402 praefatione
919 1331 1002 1404 pag.
1026 1309 1106 1384 XV.
1121 1311 1241 1384 Hodie
1255 1313 1357 1384 certe

166 1439 218 1512 ibi
244 1440 370 1512 exstat
387 1439 435 1544 in
461 1436 687 1510 bibliotheca
711 1436 915 1510 Bodleiana
937 1436 1090 1511 Auctar.
1116 1439 1156 1511 Τ.
1183 1438 1240 1529 ΙΙ,
1266 1439 1300 1511 8.

218 1564 346 1638 Oritur
377 1565 439 1638 hic
465 1564 658 1657 quaestio,
684 1566 815 1636 utrum
840 1564 968 1652 exhis
993 1566 1217 1660 apographis
1245 1568 1358 1641 alter-

168 1694 247 1766 utri
279 1696 446 1788 praestet
478 1692 660 1765 bonitate.
694 1690 780 1765 Ood.
815 1691 1053 1782 Oxoniensis,
1088 1717 1112 1764 a
1145 1694 1358 1769 Maetznero

168 1823 321 1896 demum
343 1844 388 1895 ex
412 1820 576 1894 tenebris
598 1823 823 1915 protractus,
846 1820 1000 1909 statim,
1023 1823 1068 1893 ut
1080 1820 1160 1894 fieri
1174 1820 1251 1895 fere
1265 1822 1360 1896 solet

168 1952 209 2023 in
233 1952 345 2024 rebus
370 1949 498 2039 novis,
525 1949 696 2022 aemulus
722 1948 871 2021 exstitit
896 1947 1071 2037 alterius,
1099 1970 1143 2021 eo
1168 1971 1286 2042 usque
1311 1949 1358 2021 ab

169 2078 342 2152 omnibus
375 2076 543 2172 probati,
570 2076 703 2150 codicis
729 2073 947 2169 Orippsiani.
974 2076 1210 2150 Maotznerus
1236 2076 1359 2166 enim,

170 2209 370 2301 postquam
403 2205 442 2277 in
477 2227 566 2278 suae
592 2204 766 2278 editionis
793 2226 904 2276 usum
929 2204 1029 2276 huno
1055 2204 1221 2277 codicem
1248 2227 1357 2279 exou-

170 2334 341 2407 tiendum
368 2333 537 2422 curavit,
561 2335 713 2404 tantam
738 2332 818 2404 eius
837 2330 1060 2404 lectionibus
1082 2331 1159 2403 vim
1184 2333 1363 2405 attribuit

169 2465 209 2536 et
241 2461 531 2550 auctoritatem,
557 2462 602 2531 ut
627 2481 717 2554 prae
744 2459 796 2532 eis
821 2458 908 2531 libri
934 2459 968 2531 Α
999 2458 1177 2533 lectiones
1205 2461 1360 2555 vilipen-

170 2590 309 2664 dendas
335 2591 500 2683 putaret.
527 2587 660 2681 Neque
684 2587 812 2681 potuit
838 2585 884 2658 H.
900 2586 1183 2681 Sauppius,qui
1194 2588 1234 2659 in
1248 2610 1361 2682 quae-

171 2718 356 2792 stionibus
389 2717 466 2790 suis
500 2714 778 2810 Antiphonteis,
812 2714 1016 2810 Gottingae
1045 2715 1159 2806 1861,
1184 2716 1361 2789 oodiciA

170 2848 424 2943 principatum
450 2846 640 2920 vindicare
666 2845 863 2933 studebat,
889 2845 1094 2918 Maetzneri
1118 2844 1285 2919 fautores
1314 2847 1361 2919 ab

170 2976 249 3050 eius
283 2974 407 3048 codice
440 2973 680 3046 dilectissimo
716 2972 941 3044 abalienare.
979 2971 1134 3046 Secutus
1169 2974 1269 3046 enim
1304 2980 1361 3048 est

170 3100 269 3174 Frid.
304 3100 489 3189 Blassius,
514 3099 681 3193 quinon
706 3100 828 3172 solum
853 3099 894 3170 in
919 3099 1061 3193 priore,
1088 3101 1151 3173 sed
1178 3103 1295 3174 etiam
1320 3103 1368 3173 in‘

170 3231 311 3317 altera,
355 3251 470 3321 quam
505 3227 672 3316 curavit,
707 3227 953 3321 Antiphontis
988 3227 1171 3319 editione,
1204 3229 1293 3301 libri
1324 3229 1361 3303 N

169 3357 349 3431 lectiones
383 3378 451 3450 pro
477 3354 724 3428 fundamento
750 3355 896 3448 posuit,
923 3377 1009 3428 cum
1036 3355 1178 3428 dudum
1204 3335 1362 3431 meliora

172 3506 260 3558 eum
282 3483 467 3556 docuisset
481 3481 523 3555 11.
539 3480 746 3555 Sohoellius
757 3506 765 3556 :
778 3481 1008 3555 Fleckeiseni
1021 3484 1221 3557 annalibus
1234 3484 1362 3577 (1811)

171 3615 202 3685 1.
236 3610 333 3684 CIII.
367 3633 451 3704 pag.
488 3610 557 3685 297
585 3632 685 3703 seqq.
713 3608 769 3682 Ut
795 3608 852 3681 ita
877 3612 1006 3682 autem
1033 3611 1192 3702 faceret,
1220 3634 1264 3686 eo
1289 3612 1364 3686 for·

172 3742 274 3812 tasse
300 3737 447 3812 facilius
472 3737 656 3810 adductus
678 3739 755 3825 est,
777 3736 876 3829 quod
896 3736 961 3809 isti
982 3737 1101 3810 codici
1121 3761 1240 3833 aeque
1254 3739 1362 3813 enixo

172 3869 213 3939 et
244 3887 364 3960 paene
399 3866 517 3939 etiam
552 3863 694 3937 maiore
729 3862 855 3936 studio
889 3865 1149 3956 patrocinatus
1176 3871 1259 3940 erat
1284 3871 1363 3958 vir,
1426 3949 1433 3960 ‚

171 3997 338 4068 ceterum
365 3993 511 4089 egregie
535 3993 581 4066 de
602 3990 840 4085 Antiphonte
853 3989 1029 4081 meritus,
1044 3991 1142 4067 Viot.
1156 3993 1362 4067 Iernstedt·

171 4122 252 4195 ium
286 4122 386 4211 dico,
423 4120 528 4194 cuius
559 4119 673 4194 editio
698 4118 812 4212 paulo
838 4121 928 4190 ante
955 4120 1147 4212 prodierat
1172 4120 1361 4217 Petropoli

173 4273 206 4323 a.
238 4248 342 4322 1880.
367 4249 439 4323 Hic
464 4249 565 4323 e'nim
585 4247 644 4321 vir
665 4245 911 4335 clarissimus,
933 4245 1039 4319 ouius
1057 4247 1231 4343 diligenti
1244 4248 1363 4322 labori

171 4361 494 4450 accuratissimam
528 4375 706 4449 debemus
740 4373 938 4467 utriusque
963 4376 1169 4471 apographi
1194 4377 1363 4450 collatio-

134 4505 136 4512 ’
170 4527 279 4597 nem,
312 4528 428 4599 quam
461 4505 539 4600 ipse
572 4501 828 4598 praeiudicata
863 4489 1039 4595 opinione
1065 4507 1197 4598 captus
1223 4505 1363 4601 egerit,
