3366 5324
904 481 951 554 34

331 670 451 744 aliern
483 668 686 765 ’tetralogia
710 669 1011 764 frequentissime
1035 677 1236 770 usurpata,
1261 696 1447 769 nusquam
1474 672 1522 748 de

331 796 399 869 ieli
424 796 540 868 missu
556 795 705 870 videtur
724 795 827 870 diota
845 820 941 888 0000,
964 822 1061 893 quae
1083 823 1143 873 res
1156 801 1281 896 potius
1294 801 1521 896 exprimitur

293 1003 296 1009 ,
330 926 399 996 aui
431 923 543 998 verbo
575 922 757 1016 α’φιέναι,
791 924 890 1017 quod
922 927 1036 1000 semel
1070 927 1115 1000 fil
1146 925 1196 1020 (δ.
1223 931 1245 1020 g
1271 929 1322 1022 5),
1347 931 1416 1001 aui
1438 951 1519 1002 sue·

323 1052 407 1146 pius
441 1052 554 1126 verbo
579 1051 807 1142 αἰιοντιζειν.
834 1053 995 1146 βάλλειν
1021 1077 1110 1129 vero
1137 1055 1183 1130 de
1209 1057 1289 1130 iotu
1315 1056 1519 1128 missilium

323 1179 397 1253 dioi
429 1180 544 1270 solet,
578 1179 617 1252 id
642 1179 741 1275 quod
766 1203 834 1253 noe
861 1181 1012 1276 quidem
1037 1183 1077 1254 in
1102 1186 1234 1257 nostra
1258 1183 1390 1279 lingua
1415 1182 1519 1255 haud

326 1307 451 1380 minus
484 1306 597 1382 verbo
634 1307 836 1398 ,werfen,’'
875 1310 1097 1403 praesemim
1128 1311 1169 1382 in
1194 1312 1340 1405 passivo
1363 1334 1521 1406 genere,

325 1434 550 1508 reddimus”
573 1433 673 1506 Dum
697 1434 745 1506 ad
770 1434 870 1508 huno
895 1457 1008 1508 usum
1034 1436 1302 1510 stabiliendum
1314 1437 1373 1512 vir
1386 1436 1520 1510 doetus

323 1562 422 1636 locos
441 1561 622 1657 quosdam
643 1561 787 1652 adfert,
808 1562 943 1635 incidit
964 1563 1081 1636 etiam
1100 1565 1142 1636 in
1162 1564 1273 1637 huius
1295 1564 1521 1660 tetralogiee

305 1690 365 1784 β.
389 1692 410 1782 5
431 1689 472 1762 3:
494 1691 539 1762 τὸ
559 1692 630 1788 γάρ
650 1690 851 1786 μειράκιον
871 1692 949 1784 οὐχ
969 1691 1078 1788 ὕβρει
1099 1690 1186 1766 οὐδὲ
1208 1692 1399 1790 ἀκολασίᾳ
1419 1691 1519 1765 ulid

327 1819 488 1913 μελετῶν
520 1817 616 1912 μετα
647 1827 725 1892 τῶν
757 1801 894 1908 ἡλίνζων
927 1819 1146 1910 α’κοντιζειν
1172 1823 1214 1895 ἐν
1238 1831 1290 1917 τῷ
1316 1821 1521 1919 γυμνασίῳ

328 1948 445 2042 ἔβαλε
468 1955 555 2041 μέν,
582 1949 651 2021 ονίι
676 1947 870 2023 α’ττέκτεινι
896 1946 938 2022 δὲ
964 1946 1105 2023 οὐδένα
1133 1952 1173 2024 ei
1198 1973 1233 2044 q.
1253 1972 1281 2022 0.
1321 1947 1392 2034 Qui
1416 1948 1520 2022 10000

326 2077 364 2150 id
397 2081 528 2152 aulem
562 2077 678 2164 hebet
711 2076 887 2168 sublesti,
913 2079 1012 2172 quod
1038 2078 1227 2173 discrepat
1251 2077 1300 2150 ab
1325 2078 1394 2168 eis,
1420 2099 1520 2171 quae

327 2205 581 2296 adversarius,
607 2207 741 2300 utpote
768 2227 791 2276 o
814 2226 878 2278 reo
905 2205 1075 2299 prolata,
1099 2206 1258 2300 repetit,
1284 2205 1361 2278 soil.
1387 2233 1423 2304 y.
1437 2209 1458 2297 ς
1473 2204 1518 2276 5:

328 2323 456 2421 οὗτος,
484 2335 575 2418 40χὸ0)
600 2338 692 2427 μήτε
715 2332 854 2426 βαλεῖν
878 2338 970 2426 μήτε
995 2331 1226 2406 ἀποκτείνατ’
1252 2360 1344 2426 φησι
1370 2335 1414 2405 τὸ
1437 2361 1519 2428 μετ·

328 2463 477 2560 ράκιον,
511 2462 678 2555 itemque
711 2465 732 2553 ἓ
767 2459 807 2532 6:
841 2460 987 2553 μᾶλλον
1020 2458 1062 2534 δὲ
1097 2462 1194 2535 ἑκὼν
1219 2465 1240 2552 ἢ
1268 2465 1353 2538 οὔτε
1378 2461 1521 2557 ἔβαλεν

327 2592 411 2666 οὔτε
444 2589 675 2662 ἀπέκτεινεν.
714 2588 774 2661 Ad
804 2589 901 2662 hano
934 2589 1193 2662 difficultatem
1232 2591 1521 2682 removendam,

327 2719 501 2816 Ignelius
531 2718 775 2812 irenoposito
811 2717 1049 2812 hypostigme
1086 2717 1286 2814 legendum
1324 2718 1521 2814 proponit:

328 2848 443 2945 ἔβαλε
475 2843 550 2941 μὲν
581 2848 669 2932 οὐκ,
696 2845 887 2921 ἀπέκτεινε
912 2844 954 2920 δὲ
980 2844 1122 2944 ον’δένα
1137 2847 1344 2921 3110οἰοἱ0
1370 2869 1439 2920 000
1461 2847 1520 2918 in·

328 2977 476 3054 terreus
501 2999 741 3071 quemquem.
778 2977 857 3066 En,
883 2998 957 3071 quo
982 2976 1105 3051 virum
1135 2976 1289 3049 doctum
1313 2975 1522 3070 periinaeie

328 3107 466 3195 enimi,
487 3105 603 3178 semel
622 3105 714 3177 dieti
733 3104 895 3178 mordico
907 3107 1042 3194 tenax,
1055 3104 1269 3192 abduxerim
1284 3126 1374 3176 nam
1387 3125 1522 3198 greeoe

329 3236 421 3308 haee
453 3256 553 3324 esse,
588 3255 669 3306 oras
695 3231 856 3306 credam.
894 3233 1075 3305 Etiamen
1100 3231 1213 3304 simili
1239 3231 1386 3305 ratione
1411 3253 1522 3326 agere

329 3362 437 3439 video
471 3361 678 3445 Blossium,
713 3359 779 3454 qui
812 3382 879 3454 pro
914 3359 1024 3433 certis
1056 3359 1202 3433 ineerta
1234 3359 1446 3434 coniectans
1479 3359 1521 3431 in

327 3494 477 3565 textum
505 3487 664 3581 recepit:
692 3487 809 3581 ἔβαλε
838 3485 913 3580 μὲν
938 3484 1078 3562 ον’δένα
1103 3485 1182 3561 οὐδ’
1208 3485 1403 3561 ἀπέκτεινε
1429 3510 1464 3581 q.
1490 3511 1518 3560 S.

328 3619 519 3692 Lubenter
550 3615 701 3711 quidem
740 3637 808 3711 ego
846 3618 886 3688 el
917 3616 1059 3689 Blaesio
1092 3619 1132 3690 ei
1165 3615 1313 3712 Ignoiio
1339 3615 1519 3705 0000οᾱ0,

328 3747 485 3823 verbum
521 3745 682 3840 βάλλειν
717 3743 861 3839 optimo
900 3744 981 3817 iure
1019 3744 1186 3818 adhiberi
1222 3744 1377 3818 notione
1409 3743 1520 3814 luendi

329 3875 391 3971 (of.
426 3877 447 3967 ξ
481 3875 521 3946 5:
558 3877 652 3948 ὥστε
685 3873 755 3946 τὸν
788 3871 862 3964 μὲν
891 3871 1118 3967 βαλόντα
1145 3875 1212 3947 καὶ
1237 3871 1517 3948 ἀποκτείναντα

329 4005 415 4080 οὔτε
455 4010 639 4101 τρῶσαι
677 4002 761 4076 οὔτε
795 4000 1027 4075 ἀποκτεῖναί
1058 4007 1176 4095 φησι),
1216 4002 1247 4074 si
1281 4004 1390 4076 modo
1427 4001 1521 4074 mihi

329 4133 567 4221 concedatur,
592 4131 740 4202 iaciendi
760 4129 954 4204 notionem
975 4131 1076 4204 reete
1097 4151 1135 4202 se
1156 4128 1293 4202 hebere
1315 4130 1357 4223 β.
1382 4132 1403 4220 ξ
1425 4128 1457 4201 3.
1471 4169 1520 4180 -

330 4260 423 4333 (lum
455 4262 584 4358 igilur,
615 4258 716 4353 quod
741 4256 790 4328 ed
814 4257 911 4330 hano
935 4280 1036 4347 rem,
1062 4257 1263 4351 quominus
1286 4256 1376 4331 viris
1401 4256 1521 4329 doctis

330 4388 510 4479 officiam,
543 4386 669 4459 nullus
702 4385 795 4474 sim,
828 4384 869 4456 in
903 4407 947 4459 οο
980 4387 1255 4480 contraquam
1282 4385 1445 4458 maxime
1470 4383 1521 4457 of·

329 4514 459 4605 fendo,
485 4514 586 4609 quod
611 4513 675 4588 isti
698 4512 769 4588 viri
790 4513 833 4608 β,
857 4514 879 4604 5
901 4511 934 4585 3.
956 4512 1211 4586 condemnent
1229 4513 1275 4587 ob
1289 4511 1522 4607 assignatam
