<?xml version="1.0" encoding="UTF-8"?>
<!DOCTYPE html PUBLIC "-//W3C//DTD XHTML 1.0 Transitional//EN"
    "http://www.w3.org/TR/xhtml1/DTD/xhtml1-transitional.dtd">
<html xmlns="http://www.w3.org/1999/xhtml" xml:lang="en" lang="en">
 <head>
  <title>
</title>
<meta http-equiv="Content-Type" content="text/html;charset=utf-8" />
  <meta name='ocr-system' content='tesseract 3.04.00' />
  <meta name='ocr-capabilities' content='ocr_page ocr_carea ocr_par ocr_line ocrx_word'/>
</head>
<body>
  <div class='ocr_page' id='page_1' title='image "./analectaantipho00hemsgoog_0034.png"; bbox 0 0 3366 5324; ppageno 0'>
   <div class='ocr_carea' id='block_1_1' title="bbox 754 487 796 558">
    <p class='ocr_par' dir='ltr' id='par_1_1' title="bbox 754 487 796 558">
     <span class='ocr_line' id='line_1_1' title="bbox 754 487 796 558; baseline 0 0"><span class='ocrx_word' id='word_1_1' title='bbox 754 487 796 558; x_wconf 82' lang='lat'>21</span> 
     </span>
    </p>
   </div>
   <div class='ocr_carea' id='block_1_2' title="bbox 171 674 1373 2438">
    <p class='ocr_par' dir='ltr' id='par_1_2' title="bbox 172 674 1373 1919">
     <span class='ocr_line' id='line_1_2' title="bbox 177 674 1370 769; baseline -0.003 -19"><span class='ocrx_word' id='word_1_2' title='bbox 177 675 434 765; x_wconf 82' lang='lat' dir='ltr'>coniecturae,</span> <span class='ocrx_word' id='word_1_3' title='bbox 456 675 586 768; x_wconf 81' lang='lat' dir='ltr'>quales</span> <span class='ocrx_word' id='word_1_4' title='bbox 608 678 699 748; x_wconf 90' lang='lat' dir='ltr'>sunt</span> <span class='ocrx_word' id='word_1_5' title='bbox 718 674 937 765; x_wconf 83' lang='lat' dir='ltr'>Maetzncri,</span> <span class='ocrx_word' id='word_1_6' title='bbox 954 675 1034 769; x_wconf 91' lang='lat' dir='ltr'>(qui</span> <span class='ocrx_word' id='word_1_7' title='bbox 1047 676 1255 768; x_wconf 80' lang='lat' dir='ltr'>praeeunte</span> <span class='ocrx_word' id='word_1_8' title='bbox 1267 674 1370 747; x_wconf 86' lang='lat' dir='ltr'>Reis-</span> 
     </span>
     <span class='ocr_line' id='line_1_3' title="bbox 175 801 1373 898; baseline -0.003 -22"><span class='ocrx_word' id='word_1_9' title='bbox 175 804 242 878; x_wconf 87' lang='lat' dir='ltr'>kio</span> <span class='ocrx_word' id='word_1_10' title='bbox 275 806 365 876; x_wconf 83' lang='lat' dir='ltr'>ente</span> <span class='ocrx_word' id='word_1_11' title='bbox 391 809 508 894; x_wconf 77' lang='grc' dir='ltr'><strong><em>ἱκανή</em></strong></span> <span class='ocrx_word' id='word_1_12' title='bbox 530 804 663 878; x_wconf 86' lang='lat' dir='ltr'>inserit</span> <span class='ocrx_word' id='word_1_13' title='bbox 685 803 925 898; x_wconf 80' lang='lat' dir='ltr'>negotionem</span> <span class='ocrx_word' id='word_1_14' title='bbox 948 803 1039 896; x_wconf 72' lang='grc' dir='ltr'>οὐχ)</span> <span class='ocrx_word' id='word_1_15' title='bbox 1069 801 1269 898; x_wconf 83' lang='lat' dir='ltr'>Spengelii,</span> <span class='ocrx_word' id='word_1_16' title='bbox 1292 802 1373 896; x_wconf 89' lang='lat' dir='ltr'>(qui</span> 
     </span>
     <span class='ocr_line' id='line_1_4' title="bbox 175 929 1370 1026; baseline -0.001 -21"><span class='ocrx_word' id='word_1_17' title='bbox 175 932 430 1006; x_wconf 87' lang='lat' dir='ltr'>Muenchenor</span> <span class='ocrx_word' id='word_1_18' title='bbox 464 931 542 1005; x_wconf 74' lang='lat' dir='ltr'>(iel.</span> <span class='ocrx_word' id='word_1_19' title='bbox 573 931 663 1004; x_wconf 81' lang='lat' dir='ltr'>Anu.</span> <span class='ocrx_word' id='word_1_20' title='bbox 705 929 819 1020; x_wconf 84' lang='lat'>1838,</span> <span class='ocrx_word' id='word_1_21' title='bbox 848 953 933 1026; x_wconf 82' lang='lat' dir='ltr'>pag.</span> <span class='ocrx_word' id='word_1_22' title='bbox 969 929 1038 1006; x_wconf 79' lang='lat'>347</span> <span class='ocrx_word' id='word_1_23' title='bbox 1066 930 1243 1025; x_wconf 74' lang='lat' dir='ltr'><strong>proponit</strong></span> <span class='ocrx_word' id='word_1_24' title='bbox 1270 933 1370 1024; x_wconf 78' lang='grc' dir='ltr'>(μὴ)</span> 
     </span>
     <span class='ocr_line' id='line_1_5' title="bbox 176 1056 1371 1152; baseline -0.004 -19"><span class='ocrx_word' id='word_1_25' title='bbox 176 1069 344 1144; x_wconf 80' lang='grc' dir='ltr'><strong><em>παῦσαι,</em></strong></span> <span class='ocrx_word' id='word_1_26' title='bbox 381 1082 457 1152; x_wconf 82' lang='lat' dir='ltr'>qua</span> <span class='ocrx_word' id='word_1_27' title='bbox 490 1059 536 1131; x_wconf 90' lang='lat' dir='ltr'>de</span> <span class='ocrx_word' id='word_1_28' title='bbox 559 1082 600 1132; x_wconf 87' lang='lat' dir='ltr'>re</span> <span class='ocrx_word' id='word_1_29' title='bbox 626 1059 795 1132; x_wconf 82' lang='lat' dir='ltr'>conferas</span> <span class='ocrx_word' id='word_1_30' title='bbox 822 1058 975 1151; x_wconf 83' lang='lat' dir='ltr'><strong>Kayser.</strong></span> <span class='ocrx_word' id='word_1_31' title='bbox 1010 1057 1106 1129; x_wconf 88' lang='lat' dir='ltr'>Mus.</span> <span class='ocrx_word' id='word_1_32' title='bbox 1131 1056 1249 1131; x_wconf 87' lang='lat' dir='ltr'>Rhen.</span> <span class='ocrx_word' id='word_1_33' title='bbox 1278 1058 1371 1148; x_wconf 89' lang='lat' dir='ltr'>XII,</span> 
     </span>
     <span class='ocr_line' id='line_1_6' title="bbox 174 1183 1370 1283; baseline -0.003 -23"><span class='ocrx_word' id='word_1_34' title='bbox 174 1212 261 1283; x_wconf 76' lang='lat' dir='ltr'>pag.</span> <span class='ocrx_word' id='word_1_35' title='bbox 292 1185 377 1278; x_wconf 83' lang='lat'>234)</span> <span class='ocrx_word' id='word_1_36' title='bbox 402 1185 570 1277; x_wconf 86' lang='lat' dir='ltr'>Linderi,</span> <span class='ocrx_word' id='word_1_37' title='bbox 598 1185 743 1280; x_wconf 89' lang='lat' dir='ltr'>(quiin</span> <span class='ocrx_word' id='word_1_38' title='bbox 769 1184 1034 1257; x_wconf 77' lang='lat' dir='ltr'>dissertatione</span> <span class='ocrx_word' id='word_1_39' title='bbox 1060 1206 1129 1256; x_wconf 82' lang='lat' dir='ltr'>sua</span> <span class='ocrx_word' id='word_1_40' title='bbox 1158 1183 1223 1270; x_wconf 81' lang='lat' dir='ltr'>„de</span> <span class='ocrx_word' id='word_1_41' title='bbox 1243 1206 1370 1272; x_wconf 84' lang='lat' dir='ltr'>rerum</span> 
     </span>
     <span class='ocr_line' id='line_1_7' title="bbox 176 1313 1370 1410; baseline -0.003 -22"><span class='ocrx_word' id='word_1_42' title='bbox 176 1315 421 1410; x_wconf 76' lang='lat' dir='ltr'>dispositione</span> <span class='ocrx_word' id='word_1_43' title='bbox 456 1314 556 1409; x_wconf 81' lang='lat' dir='ltr'>apud</span> <span class='ocrx_word' id='word_1_44' title='bbox 588 1315 677 1386; x_wconf 83' lang='lat' dir='ltr'>Ant.</span> <span class='ocrx_word' id='word_1_45' title='bbox 712 1317 752 1386; x_wconf 87' lang='lat' dir='ltr'>et</span> <span class='ocrx_word' id='word_1_46' title='bbox 785 1313 881 1385; x_wconf 87' lang='lat' dir='ltr'>And.</span> <span class='ocrx_word' id='word_1_47' title='bbox 910 1315 1076 1386; x_wconf 86' lang='lat' dir='ltr'>oratores</span> <span class='ocrx_word' id='word_1_48' title='bbox 1100 1313 1247 1386; x_wconf 84' lang='lat' dir='ltr'>Atticos</span> <span class='ocrx_word' id='word_1_49' title='bbox 1273 1335 1370 1385; x_wconf 88' lang='lat' dir='ltr'>oom-</span> 
     </span>
     <span class='ocr_line' id='line_1_8' title="bbox 174 1440 1370 1536; baseline -0.002 -20"><span class='ocrx_word' id='word_1_50' title='bbox 174 1441 385 1516; x_wconf 83' lang='lat' dir='ltr'>mentutio&#39;&#39;</span> <span class='ocrx_word' id='word_1_51' title='bbox 409 1466 429 1516; x_wconf 93' lang='lat' dir='ltr'>e</span> <span class='ocrx_word' id='word_1_52' title='bbox 452 1442 621 1515; x_wconf 86' lang='lat' dir='ltr'>codicum</span> <span class='ocrx_word' id='word_1_53' title='bbox 641 1450 787 1515; x_wconf 78' lang='grc' dir='ltr'><strong><em>παῦσαι</em></strong></span> <span class='ocrx_word' id='word_1_54' title='bbox 799 1441 961 1536; x_wconf 80' lang='lat' dir='ltr'>speciose</span> <span class='ocrx_word' id='word_1_55' title='bbox 975 1444 1076 1514; x_wconf 80' lang='lat' dir='ltr'>certe</span> <span class='ocrx_word' id='word_1_56' title='bbox 1089 1440 1206 1512; x_wconf 84' lang='lat' dir='ltr'>eruit:</span> <span class='ocrx_word' id='word_1_57' title='bbox 1222 1441 1370 1532; x_wconf 80' lang='grc' dir='ltr'><strong><em>πλῆσαι,</em></strong></span> 
     </span>
     <span class='ocr_line' id='line_1_9' title="bbox 173 1568 1370 1666; baseline -0.003 -22"><span class='ocrx_word' id='word_1_58' title='bbox 173 1593 273 1666; x_wconf 82' lang='lat' dir='ltr'>quae</span> <span class='ocrx_word' id='word_1_59' title='bbox 293 1573 422 1644; x_wconf 81' lang='lat' dir='ltr'>tamen</span> <span class='ocrx_word' id='word_1_60' title='bbox 436 1571 651 1644; x_wconf 82' lang='lat' dir='ltr'>coniectura</span> <span class='ocrx_word' id='word_1_61' title='bbox 662 1574 813 1664; x_wconf 82' lang='lat' dir='ltr'>praeter</span> <span class='ocrx_word' id='word_1_62' title='bbox 825 1568 901 1641; x_wconf 79' lang='lat' dir='ltr'>alie</span> <span class='ocrx_word' id='word_1_63' title='bbox 914 1612 959 1622; x_wconf 93' lang='lat'>-</span> <span class='ocrx_word' id='word_1_64' title='bbox 975 1568 1021 1640; x_wconf 89' lang='lat' dir='ltr'>cf.</span> <span class='ocrx_word' id='word_1_65' title='bbox 1035 1569 1179 1662; x_wconf 75' lang='lat' dir='ltr'>Kayser</span> <span class='ocrx_word' id='word_1_66' title='bbox 1191 1568 1217 1640; x_wconf 91' lang='lat' dir='ltr'>l.</span> <span class='ocrx_word' id='word_1_67' title='bbox 1230 1568 1255 1641; x_wconf 90' lang='lat' dir='ltr'>l.</span> <span class='ocrx_word' id='word_1_68' title='bbox 1269 1568 1370 1658; x_wconf 89' lang='lat' dir='ltr'>XVI,</span> 
     </span>
     <span class='ocr_line' id='line_1_10' title="bbox 173 1695 1371 1793; baseline -0.003 -20"><span class='ocrx_word' id='word_1_69' title='bbox 173 1721 261 1793; x_wconf 84' lang='lat' dir='ltr'>pag.</span> <span class='ocrx_word' id='word_1_70' title='bbox 290 1697 335 1773; x_wconf 73' lang='lat'>72</span> <span class='ocrx_word' id='word_1_71' title='bbox 359 1741 405 1751; x_wconf 88' lang='lat'>-</span> <span class='ocrx_word' id='word_1_72' title='bbox 427 1698 543 1772; x_wconf 85' lang='lat' dir='ltr'>etiam</span> <span class='ocrx_word' id='word_1_73' title='bbox 557 1697 596 1769; x_wconf 90' lang='lat' dir='ltr'>id</span> <span class='ocrx_word' id='word_1_74' title='bbox 609 1696 724 1770; x_wconf 77' lang='lat' dir='ltr'>habet</span> <span class='ocrx_word' id='word_1_75' title='bbox 737 1696 913 1786; x_wconf 89' lang='lat' dir='ltr'>sublesti,</span> <span class='ocrx_word' id='word_1_76' title='bbox 926 1695 1026 1790; x_wconf 87' lang='lat' dir='ltr'>quod</span> <span class='ocrx_word' id='word_1_77' title='bbox 1039 1695 1159 1768; x_wconf 83' lang='lat' dir='ltr'>Attici</span> <span class='ocrx_word' id='word_1_78' title='bbox 1171 1697 1371 1789; x_wconf 88' lang='lat' dir='ltr'>scriptores</span> 
     </span>
     <span class='ocr_line' id='line_1_11' title="bbox 172 1823 1255 1919; baseline -0.002 -20"><span class='ocrx_word' id='word_1_79' title='bbox 172 1825 303 1919; x_wconf 87' lang='lat' dir='ltr'>potius</span> <span class='ocrx_word' id='word_1_80' title='bbox 328 1827 491 1897; x_wconf 79' lang='lat' dir='ltr'>utuntur</span> <span class='ocrx_word' id='word_1_81' title='bbox 515 1824 639 1897; x_wconf 80' lang='lat' dir='ltr'>forme</span> <span class='ocrx_word' id='word_1_82' title='bbox 662 1824 769 1898; x_wconf 85' lang='lat' dir='ltr'>verbi</span> <span class='ocrx_word' id='word_1_83' title='bbox 794 1824 1011 1918; x_wconf 83' lang='lat' dir='ltr'>compositi:</span> <span class='ocrx_word' id='word_1_84' title='bbox 1040 1823 1255 1916; x_wconf 78' lang='grc' dir='ltr'><strong><em>ἐμπλῆσαι).</em></strong></span> 
     </span>
    </p>

    <p class='ocr_par' dir='ltr' id='par_1_3' title="bbox 171 1950 1371 2438">
     <span class='ocr_line' id='line_1_12' title="bbox 225 1950 1371 2050; baseline 0.003 -26"><span class='ocrx_word' id='word_1_85' title='bbox 225 1952 292 2044; x_wconf 66' lang='grc' dir='ltr'>ἓὸ.</span> <span class='ocrx_word' id='word_1_86' title='bbox 319 1950 407 2026; x_wconf 71' lang='lat' dir='ltr'>euicit</span> <span class='ocrx_word' id='word_1_87' title='bbox 433 1956 510 2045; x_wconf 82' lang='grc' dir='ltr'><strong><em>μὴν</em></strong></span> <span class='ocrx_word' id='word_1_88' title='bbox 537 1951 798 2050; x_wconf 75' lang='grc' dir='ltr'><strong><em>ἀπογενέσθαι</em></strong></span> <span class='ocrx_word' id='word_1_89' title='bbox 824 1957 845 2043; x_wconf 82' lang='grc' dir='ltr'><em>ἢ</em></span> <span class='ocrx_word' id='word_1_90' title='bbox 870 1959 1159 2050; x_wconf 77' lang='grc' dir='ltr'><strong><em>παραγενέσθαι</em></strong></span> <span class='ocrx_word' id='word_1_91' title='bbox 1183 1955 1371 2049; x_wconf 74' lang='grc' dir='ltr'><strong><em>τίπότερον</em></strong></span> 
     </span>
     <span class='ocr_line' id='line_1_13' title="bbox 172 2080 1371 2179; baseline 0.003 -26"><span class='ocrx_word' id='word_1_92' title='bbox 172 2081 298 2155; x_wconf 83' lang='grc' dir='ltr'><strong><em>αότόν</em></strong></span> <span class='ocrx_word' id='word_1_93' title='bbox 332 2085 451 2159; x_wconf 82' lang='grc' dir='ltr'><strong><em>ἐστιν.</em></strong></span> <span class='ocrx_word' id='word_1_94' title='bbox 485 2081 524 2155; x_wconf 83' lang='grc' dir='ltr'>εἰ</span> <span class='ocrx_word' id='word_1_95' title='bbox 546 2081 620 2178; x_wconf 77' lang='grc' dir='ltr'><strong><em>γαρ</em></strong></span> <span class='ocrx_word' id='word_1_96' title='bbox 647 2081 868 2179; x_wconf 70' lang='grc' dir='ltr'><em>ἀπεγένετο,</em></span> <span class='ocrx_word' id='word_1_97' title='bbox 896 2085 965 2154; x_wconf 90' lang='grc' dir='ltr'><strong><em>τὸν</em></strong></span> <span class='ocrx_word' id='word_1_98' title='bbox 990 2080 1065 2176; x_wconf 83' lang='grc' dir='ltr'><strong><em>μὲν</em></strong></span> <span class='ocrx_word' id='word_1_99' title='bbox 1090 2080 1276 2157; x_wconf 80' lang='grc' dir='ltr'><strong><em>κίνδυνον</em></strong></span> <span class='ocrx_word' id='word_1_100' title='bbox 1302 2085 1371 2157; x_wconf 87' lang='grc' dir='ltr'><strong><em>τὸν</em></strong></span> 
     </span>
     <span class='ocr_line' id='line_1_14' title="bbox 171 2209 1370 2309; baseline 0.001 -25"><span class='ocrx_word' id='word_1_101' title='bbox 171 2210 297 2284; x_wconf 83' lang='grc' dir='ltr'><strong><em>αότὸν</em></strong></span> <span class='ocrx_word' id='word_1_102' title='bbox 331 2209 455 2302; x_wconf 51' lang='lat' dir='ltr'>{neiis</span> <span class='ocrx_word' id='word_1_103' title='bbox 489 2211 559 2282; x_wconf 82' lang='grc' dir='ltr'><strong><em>καὶ</em></strong></span> <span class='ocrx_word' id='word_1_104' title='bbox 590 2211 724 2306; x_wconf 88' lang='grc' dir='ltr'><strong><em>παρὼν</em></strong></span> <span class='ocrx_word' id='word_1_105' title='bbox 756 2209 1006 2294; x_wconf 75' lang='grc' dir='ltr'><strong><em>κινδυνεύειν,</em></strong></span> <span class='ocrx_word' id='word_1_106' title='bbox 1041 2220 1117 2295; x_wconf 82' lang='grc' dir='ltr'>πᾶς</span> <span class='ocrx_word' id='word_1_107' title='bbox 1142 2215 1217 2309; x_wconf 79' lang='grc' dir='ltr'><strong><em>γαρ</em></strong></span> <span class='ocrx_word' id='word_1_108' title='bbox 1243 2213 1370 2285; x_wconf 71' lang='grc' dir='ltr'><strong><em>αὐτῶν</em></strong></span> 
     </span>
     <span class='ocr_line' id='line_1_15' title="bbox 173 2339 1367 2438; baseline 0.004 -29"><span class='ocrx_word' id='word_1_109' title='bbox 173 2339 336 2430; x_wconf 79' lang='grc' dir='ltr'><strong><em>ληφθεὶς</em></strong></span> <span class='ocrx_word' id='word_1_110' title='bbox 370 2347 506 2412; x_wconf 82' lang='grc' dir='ltr'><strong><em>τοῦτον</em></strong></span> <span class='ocrx_word' id='word_1_111' title='bbox 540 2339 591 2412; x_wconf 83' lang='grc' dir='ltr'><strong><em>όὶν</em></strong></span> <span class='ocrx_word' id='word_1_112' title='bbox 617 2341 684 2413; x_wconf 85' lang='grc' dir='ltr'><strong><em>τὸν</em></strong></span> <span class='ocrx_word' id='word_1_113' title='bbox 711 2339 1042 2434; x_wconf 77' lang='grc' dir='ltr'><strong><em>ἐπιβουλεύσαντα</em></strong></span> <span class='ocrx_word' id='word_1_114' title='bbox 1067 2341 1226 2438; x_wconf 70' lang='grc' dir='ltr'><strong><em>ἤλεγχεν</em></strong></span> <span class='ocrx_word' id='word_1_115' title='bbox 1251 2341 1367 2430; x_wconf 82' lang='grc' dir='ltr'><strong><em>ὄντα,</em></strong></span> 
     </span>
    </p>
   </div>
   <div class='ocr_carea' id='block_1_3' title="bbox 174 2460 1369 2567">
    <p class='ocr_par' dir='ltr' id='par_1_4' title="bbox 174 2460 1369 2567">
     <span class='ocr_line' id='line_1_16' title="bbox 174 2460 1369 2567; baseline 0.003 -27"><span class='ocrx_word' id='word_1_116' title='bbox 174 2469 223 2540; x_wconf 89' lang='grc' dir='ltr'>τὸ</span> <span class='ocrx_word' id='word_1_117' title='bbox 249 2465 401 2565; x_wconf 77' lang='grc' dir='ltr'><strong><em>δ’ἔργον</em></strong></span> <span class='ocrx_word' id='word_1_118' title='bbox 426 2460 546 2556; x_wconf 84' lang='grc' dir='ltr'><strong><em>ἧσσον</em></strong></span> <span class='ocrx_word' id='word_1_119' title='bbox 570 2468 764 2564; x_wconf 76' lang='grc' dir='ltr'><strong><em>πράσσειν·</em></strong></span> <span class='ocrx_word' id='word_1_120' title='bbox 791 2466 917 2553; x_wconf 75' lang='grc' dir='ltr'><strong><em>οὐδεὶς</em></strong></span> <span class='ocrx_word' id='word_1_121' title='bbox 941 2470 1016 2566; x_wconf 75' lang='grc' dir='ltr'>γάρ</span> <span class='ocrx_word' id='word_1_122' title='bbox 1039 2470 1147 2554; x_wconf 75' lang='grc' dir='ltr'><strong><em>ὅστις</em></strong></span> <span class='ocrx_word' id='word_1_123' title='bbox 1172 2477 1250 2543; x_wconf 86' lang='grc' dir='ltr'><strong><em>τῶν</em></strong></span> <span class='ocrx_word' id='word_1_124' title='bbox 1270 2498 1369 2567; x_wconf 87' lang='grc' dir='ltr'><strong><em>παρ-</em></strong></span> 
     </span>
    </p>
   </div>
   <div class='ocr_carea' id='block_1_4' title="bbox 172 2593 1370 2947">
    <p class='ocr_par' dir='ltr' id='par_1_5' title="bbox 172 2593 1370 2947">
     <span class='ocr_line' id='line_1_17' title="bbox 175 2593 1370 2694; baseline -0.001 -22"><span class='ocrx_word' id='word_1_125' title='bbox 175 2599 302 2672; x_wconf 87' lang='grc' dir='ltr'><strong><em>όντων</em></strong></span> <span class='ocrx_word' id='word_1_126' title='bbox 335 2597 403 2669; x_wconf 77' lang='grc' dir='ltr'>οόκ</span> <span class='ocrx_word' id='word_1_127' title='bbox 437 2597 489 2669; x_wconf 77' lang='grc' dir='ltr'><strong><em>ἂν</em></strong></span> <span class='ocrx_word' id='word_1_128' title='bbox 524 2597 768 2692; x_wconf 79' lang='grc' dir='ltr'><strong><em>ὀκνηρότερος</em></strong></span> <span class='ocrx_word' id='word_1_129' title='bbox 797 2597 854 2681; x_wconf 82' lang='grc' dir='ltr'>εἰς</span> <span class='ocrx_word' id='word_1_130' title='bbox 887 2599 956 2684; x_wconf 84' lang='grc' dir='ltr'><strong><em>τὴν</em></strong></span> <span class='ocrx_word' id='word_1_131' title='bbox 990 2603 1128 2694; x_wconf 79' lang='grc' dir='ltr'><strong><em>πρᾶξιν</em></strong></span> <span class='ocrx_word' id='word_1_132' title='bbox 1154 2593 1210 2687; x_wconf 76' lang='grc' dir='ltr'><strong><em>ἦν.</em></strong></span> <span class='ocrx_word' id='word_1_133' title='bbox 1235 2597 1313 2671; x_wconf 86' lang='lat' dir='ltr'>Iste</span> <span class='ocrx_word' id='word_1_134' title='bbox 1338 2600 1370 2671; x_wconf 91' lang='lat' dir='ltr'>si</span> 
     </span>
     <span class='ocr_line' id='line_1_18' title="bbox 173 2724 1370 2821; baseline 0.002 -24"><span class='ocrx_word' id='word_1_135' title='bbox 173 2725 353 2814; x_wconf 84' lang='lat' dir='ltr'>afuisset,</span> <span class='ocrx_word' id='word_1_136' title='bbox 386 2724 643 2819; x_wconf 89' lang='lat' dir='ltr'>unusquisque</span> <span class='ocrx_word' id='word_1_137' title='bbox 676 2748 826 2815; x_wconf 82' lang='lat' dir='ltr'>eorum,</span> <span class='ocrx_word' id='word_1_138' title='bbox 860 2727 925 2820; x_wconf 91' lang='lat' dir='ltr'>qui</span> <span class='ocrx_word' id='word_1_139' title='bbox 950 2726 1120 2815; x_wconf 80' lang='lat' dir='ltr'>aderant,</span> <span class='ocrx_word' id='word_1_140' title='bbox 1145 2727 1176 2798; x_wconf 91' lang='lat' dir='ltr'>si</span> <span class='ocrx_word' id='word_1_141' title='bbox 1203 2748 1370 2821; x_wconf 89' lang='lat' dir='ltr'>compre-</span> 
     </span>
     <span class='ocr_line' id='line_1_19' title="bbox 172 2852 1369 2947; baseline 0 -21"><span class='ocrx_word' id='word_1_142' title='bbox 172 2854 314 2926; x_wconf 88' lang='lat' dir='ltr'>hensus</span> <span class='ocrx_word' id='word_1_143' title='bbox 339 2858 453 2943; x_wconf 83' lang='lat' dir='ltr'>esset,</span> <span class='ocrx_word' id='word_1_144' title='bbox 479 2852 654 2942; x_wconf 84' lang='lat' dir='ltr'>dixisset,</span> <span class='ocrx_word' id='word_1_145' title='bbox 680 2853 799 2925; x_wconf 88' lang='lat' dir='ltr'>istum</span> <span class='ocrx_word' id='word_1_146' title='bbox 821 2875 921 2943; x_wconf 78' lang='lat' dir='ltr'>esse,</span> <span class='ocrx_word' id='word_1_147' title='bbox 942 2854 1007 2947; x_wconf 92' lang='lat' dir='ltr'>qui</span> <span class='ocrx_word' id='word_1_148' title='bbox 1026 2853 1181 2925; x_wconf 81' lang='lat' dir='ltr'>insidias</span> <span class='ocrx_word' id='word_1_149' title='bbox 1202 2855 1369 2947; x_wconf 82' lang='lat' dir='ltr'>pararet,</span> 
     </span>
    </p>
   </div>
   <div class='ocr_carea' id='block_1_5' title="bbox 173 2979 1502 3076">
    <p class='ocr_par' dir='ltr' id='par_1_6' title="bbox 173 2979 1502 3076">
     <span class='ocr_line' id='line_1_20' title="bbox 173 2979 1502 3076; baseline 0.001 -24"><span class='ocrx_word' id='word_1_150' title='bbox 173 3003 252 3076; x_wconf 92' lang='lat' dir='ltr'>quo</span> <span class='ocrx_word' id='word_1_151' title='bbox 286 2981 402 3052; x_wconf 82' lang='lat' dir='ltr'>etiam</span> <span class='ocrx_word' id='word_1_152' title='bbox 436 2979 598 3068; x_wconf 84' lang='lat' dir='ltr'>accedit,</span> <span class='ocrx_word' id='word_1_153' title='bbox 629 2980 730 3074; x_wconf 89' lang='lat' dir='ltr'>quod</span> <span class='ocrx_word' id='word_1_154' title='bbox 755 2981 941 3074; x_wconf 87' lang='lat' dir='ltr'>segniores</span> <span class='ocrx_word' id='word_1_155' title='bbox 967 2981 1127 3053; x_wconf 85' lang='lat' dir='ltr'>fuissent</span> <span class='ocrx_word' id='word_1_156' title='bbox 1152 2981 1200 3052; x_wconf 78' lang='lat' dir='ltr'>nd</span> <span class='ocrx_word' id='word_1_157' title='bbox 1225 2980 1370 3053; x_wconf 84' lang='lat' dir='ltr'>facinus</span> <span class='ocrx_word' id='word_1_158' title='bbox 1499 3007 1502 3012; x_wconf 78' lang='grc'>’</span> 
     </span>
    </p>
   </div>
   <div class='ocr_carea' id='block_1_6' title="bbox 147 3105 1371 4618">
    <p class='ocr_par' dir='ltr' id='par_1_7' title="bbox 147 3105 1371 4466">
     <span class='ocr_line' id='line_1_21' title="bbox 174 3105 1371 3202; baseline 0.001 -21"><span class='ocrx_word' id='word_1_159' title='bbox 174 3106 502 3181; x_wconf 83' lang='lat' dir='ltr'>committendum.</span> <span class='ocrx_word' id='word_1_160' title='bbox 520 3105 575 3178; x_wconf 81' lang='lat' dir='ltr'>Ex</span> <span class='ocrx_word' id='word_1_161' title='bbox 587 3107 669 3200; x_wconf 81' lang='lat' dir='ltr'>ipsa</span> <span class='ocrx_word' id='word_1_162' title='bbox 681 3107 915 3201; x_wconf 88' lang='lat' dir='ltr'>oppositione</span> <span class='ocrx_word' id='word_1_163' title='bbox 932 3111 1100 3202; x_wconf 84' lang='lat' dir='ltr'>apparet,</span> <span class='ocrx_word' id='word_1_164' title='bbox 1112 3109 1227 3180; x_wconf 83' lang='lat' dir='ltr'>verba</span> <span class='ocrx_word' id='word_1_165' title='bbox 1240 3111 1371 3182; x_wconf 70' lang='grc' dir='ltr'><strong><em>αὐτῶν</em></strong></span> 
     </span>
     <span class='ocr_line' id='line_1_22' title="bbox 174 3235 1369 3332; baseline 0.002 -24"><span class='ocrx_word' id='word_1_166' title='bbox 174 3237 217 3308; x_wconf 91' lang='lat' dir='ltr'>et</span> <span class='ocrx_word' id='word_1_167' title='bbox 247 3241 326 3307; x_wconf 85' lang='grc' dir='ltr'><strong><em>τῶν</em></strong></span> <span class='ocrx_word' id='word_1_168' title='bbox 359 3237 558 3332; x_wconf 83' lang='grc' dir='ltr'><strong><em>παρόντων</em></strong></span> <span class='ocrx_word' id='word_1_169' title='bbox 591 3235 715 3308; x_wconf 87' lang='lat' dir='ltr'>sedem</span> <span class='ocrx_word' id='word_1_170' title='bbox 747 3239 1008 3308; x_wconf 85' lang='lat' dir='ltr'>commutasse.</span> <span class='ocrx_word' id='word_1_171' title='bbox 1046 3235 1189 3310; x_wconf 86' lang='lat' dir='ltr'>Soiolus</span> <span class='ocrx_word' id='word_1_172' title='bbox 1214 3238 1369 3330; x_wconf 82' lang='lat' dir='ltr'>quidam</span> 
     </span>
     <span class='ocr_line' id='line_1_23' title="bbox 174 3364 1369 3461; baseline 0.003 -25"><span class='ocrx_word' id='word_1_173' title='bbox 174 3386 289 3458; x_wconf 87' lang='lat' dir='ltr'>supra</span> <span class='ocrx_word' id='word_1_174' title='bbox 328 3374 406 3438; x_wconf 85' lang='grc' dir='ltr'><strong><em>των</em></strong></span> <span class='ocrx_word' id='word_1_175' title='bbox 438 3370 640 3461; x_wconf 79' lang='grc' dir='ltr'><strong><em>παρόντων</em></strong></span> <span class='ocrx_word' id='word_1_176' title='bbox 675 3364 840 3458; x_wconf 80' lang='lat' dir='ltr'>scripsit:</span> <span class='ocrx_word' id='word_1_177' title='bbox 873 3365 1019 3455; x_wconf 72' lang='grc' dir='ltr'><strong><em>αὐτῶν,</em></strong></span> <span class='ocrx_word' id='word_1_178' title='bbox 1053 3365 1222 3457; x_wconf 88' lang='lat' dir='ltr'>itemque</span> <span class='ocrx_word' id='word_1_179' title='bbox 1255 3389 1369 3460; x_wconf 85' lang='lat' dir='ltr'>supra</span> 
     </span>
     <span class='ocr_line' id='line_1_24' title="bbox 174 3492 1370 3591; baseline -0.002 -24"><span class='ocrx_word' id='word_1_180' title='bbox 174 3495 324 3568; x_wconf 77' lang='grc' dir='ltr'><strong><em>αότῶντ</em></strong></span> <span class='ocrx_word' id='word_1_181' title='bbox 360 3501 437 3567; x_wconf 84' lang='grc' dir='ltr'><strong><em>τῶν</em></strong></span> <span class='ocrx_word' id='word_1_182' title='bbox 472 3497 692 3591; x_wconf 87' lang='grc' dir='ltr'><strong><em>παρόντων,</em></strong></span> <span class='ocrx_word' id='word_1_183' title='bbox 721 3494 768 3564; x_wconf 89' lang='lat' dir='ltr'>ut</span> <span class='ocrx_word' id='word_1_184' title='bbox 792 3492 987 3583; x_wconf 80' lang='lat' dir='ltr'>indicaret,</span> <span class='ocrx_word' id='word_1_185' title='bbox 1012 3492 1105 3566; x_wconf 83' lang='lat' dir='ltr'>haec</span> <span class='ocrx_word' id='word_1_186' title='bbox 1129 3495 1244 3567; x_wconf 77' lang='lat' dir='ltr'>verba</span> <span class='ocrx_word' id='word_1_187' title='bbox 1268 3495 1370 3567; x_wconf 87' lang='lat' dir='ltr'>inter</span> 
     </span>
     <span class='ocr_line' id='line_1_25' title="bbox 175 3620 1368 3718; baseline 0 -22"><span class='ocrx_word' id='word_1_188' title='bbox 175 3646 215 3697; x_wconf 89' lang='lat' dir='ltr'>se</span> <span class='ocrx_word' id='word_1_189' title='bbox 240 3623 471 3718; x_wconf 86' lang='lat' dir='ltr'>respondere.</span> <span class='ocrx_word' id='word_1_190' title='bbox 506 3622 587 3696; x_wconf 85' lang='lat' dir='ltr'>Hac</span> <span class='ocrx_word' id='word_1_191' title='bbox 613 3645 653 3696; x_wconf 88' lang='lat' dir='ltr'>re</span> <span class='ocrx_word' id='word_1_192' title='bbox 678 3622 794 3696; x_wconf 82' lang='lat' dir='ltr'>etiam</span> <span class='ocrx_word' id='word_1_193' title='bbox 819 3620 964 3693; x_wconf 83' lang='lat' dir='ltr'>factum</span> <span class='ocrx_word' id='word_1_194' title='bbox 990 3625 1104 3716; x_wconf 86' lang='lat' dir='ltr'>puto,</span> <span class='ocrx_word' id='word_1_195' title='bbox 1129 3625 1175 3694; x_wconf 91' lang='lat' dir='ltr'>ut</span> <span class='ocrx_word' id='word_1_196' title='bbox 1196 3623 1368 3696; x_wconf 82' lang='lat' dir='ltr'>absorbe·</span> 
     </span>
     <span class='ocr_line' id='line_1_26' title="bbox 174 3749 1369 3845; baseline 0 -22"><span class='ocrx_word' id='word_1_197' title='bbox 174 3754 282 3826; x_wconf 89' lang='lat' dir='ltr'>retur</span> <span class='ocrx_word' id='word_1_198' title='bbox 306 3773 411 3845; x_wconf 88' lang='lat' dir='ltr'>pron.</span> <span class='ocrx_word' id='word_1_199' title='bbox 437 3779 518 3839; x_wconf 80' lang='grc' dir='ltr'><strong><em>τις,</em></strong></span> <span class='ocrx_word' id='word_1_200' title='bbox 544 3750 645 3845; x_wconf 91' lang='lat' dir='ltr'>quod</span> <span class='ocrx_word' id='word_1_201' title='bbox 670 3749 922 3844; x_wconf 86' lang='lat' dir='ltr'>Hirschigius‚</span> <span class='ocrx_word' id='word_1_202' title='bbox 948 3749 1087 3822; x_wconf 83' lang='lat' dir='ltr'>collata</span> <span class='ocrx_word' id='word_1_203' title='bbox 1111 3749 1180 3841; x_wconf 67' lang='lat'>57,</span> <span class='ocrx_word' id='word_1_204' title='bbox 1194 3754 1280 3844; x_wconf 88' lang='lat' dir='ltr'>post</span> <span class='ocrx_word' id='word_1_205' title='bbox 1293 3757 1369 3836; x_wconf 84' lang='grc' dir='ltr'>πᾶς</span> 
     </span>
     <span class='ocr_line' id='line_1_27' title="bbox 173 3876 1370 3977; baseline 0 -25"><span class='ocrx_word' id='word_1_206' title='bbox 173 3882 248 3977; x_wconf 76' lang='grc' dir='ltr'>γάρ</span> <span class='ocrx_word' id='word_1_207' title='bbox 270 3878 476 3952; x_wconf 86' lang='lat' dir='ltr'>rectissime</span> <span class='ocrx_word' id='word_1_208' title='bbox 497 3878 677 3952; x_wconf 79' lang='lat' dir='ltr'>restituit.</span> <span class='ocrx_word' id='word_1_209' title='bbox 699 3876 805 3963; x_wconf 79' lang='lat' dir='ltr'>Quod</span> <span class='ocrx_word' id='word_1_210' title='bbox 831 3877 932 3950; x_wconf 91' lang='lat' dir='ltr'>enim</span> <span class='ocrx_word' id='word_1_211' title='bbox 945 3878 1083 3970; x_wconf 81' lang='lat' dir='ltr'>passim</span> <span class='ocrx_word' id='word_1_212' title='bbox 1096 3878 1219 3952; x_wconf 89' lang='lat' dir='ltr'>locum</span> <span class='ocrx_word' id='word_1_213' title='bbox 1234 3878 1370 3952; x_wconf 84' lang='lat' dir='ltr'>habuit</span> 
     </span>
     <span class='ocr_line' id='line_1_28' title="bbox 174 4006 1368 4101; baseline -0.003 -19"><span class='ocrx_word' id='word_1_214' title='bbox 174 4008 292 4082; x_wconf 84' lang='lat' dir='ltr'>etiam</span> <span class='ocrx_word' id='word_1_215' title='bbox 327 4007 388 4081; x_wconf 89' lang='lat' dir='ltr'>hic</span> <span class='ocrx_word' id='word_1_216' title='bbox 409 4007 554 4081; x_wconf 83' lang='lat' dir='ltr'>factum</span> <span class='ocrx_word' id='word_1_217' title='bbox 580 4009 656 4095; x_wconf 90' lang='lat' dir='ltr'>est,</span> <span class='ocrx_word' id='word_1_218' title='bbox 681 4008 726 4078; x_wconf 89' lang='lat' dir='ltr'>nt</span> <span class='ocrx_word' id='word_1_219' title='bbox 751 4006 849 4078; x_wconf 88' lang='lat' dir='ltr'>oculi</span> <span class='ocrx_word' id='word_1_220' title='bbox 873 4006 1018 4078; x_wconf 78' lang='lat' dir='ltr'>librarii</span> <span class='ocrx_word' id='word_1_221' title='bbox 1044 4006 1092 4078; x_wconf 79' lang='lat' dir='ltr'>nd</span> <span class='ocrx_word' id='word_1_222' title='bbox 1114 4007 1368 4101; x_wconf 86' lang='lat' dir='ltr'>recipiendum</span> 
     </span>
     <span class='ocr_line' id='line_1_29' title="bbox 147 4133 1370 4229; baseline 0 -23"><span class='ocrx_word' id='word_1_223' title='bbox 147 4135 469 4229; x_wconf 73' lang='lat' dir='ltr'>vsuprascriptum</span> <span class='ocrx_word' id='word_1_224' title='bbox 505 4134 601 4207; x_wconf 91' lang='lat' dir='ltr'>illud</span> <span class='ocrx_word' id='word_1_225' title='bbox 634 4135 783 4218; x_wconf 73' lang='grc' dir='ltr'><strong><em>αὐτῶν,</em></strong></span> <span class='ocrx_word' id='word_1_226' title='bbox 818 4133 942 4227; x_wconf 86' lang='lat' dir='ltr'>prius,</span> <span class='ocrx_word' id='word_1_227' title='bbox 975 4158 1089 4228; x_wconf 82' lang='lat' dir='ltr'>quam</span> <span class='ocrx_word' id='word_1_228' title='bbox 1123 4158 1193 4229; x_wconf 82' lang='lat' dir='ltr'>par</span> <span class='ocrx_word' id='word_1_229' title='bbox 1218 4137 1319 4224; x_wconf 84' lang='lat' dir='ltr'>erat,</span> <span class='ocrx_word' id='word_1_230' title='bbox 1346 4157 1370 4206; x_wconf 82' lang='lat' dir='ltr'>a</span> 
     </span>
     <span class='ocr_line' id='line_1_30' title="bbox 173 4263 1364 4360; baseline 0.001 -24"><span class='ocrx_word' id='word_1_231' title='bbox 173 4263 314 4336; x_wconf 81' lang='lat' dir='ltr'>lineola</span> <span class='ocrx_word' id='word_1_232' title='bbox 339 4263 594 4352; x_wconf 86' lang='lat' dir='ltr'>deflecterent,</span> <span class='ocrx_word' id='word_1_233' title='bbox 621 4284 695 4357; x_wconf 90' lang='lat' dir='ltr'>quo</span> <span class='ocrx_word' id='word_1_234' title='bbox 720 4284 826 4356; x_wconf 88' lang='lat' dir='ltr'>pron.</span> <span class='ocrx_word' id='word_1_235' title='bbox 846 4288 907 4346; x_wconf 81' lang='grc' dir='ltr'>τις</span> <span class='ocrx_word' id='word_1_236' title='bbox 931 4286 1009 4335; x_wconf 82' lang='lat' dir='ltr'>una</span> <span class='ocrx_word' id='word_1_237' title='bbox 1034 4285 1136 4338; x_wconf 91' lang='lat' dir='ltr'>cum:</span> <span class='ocrx_word' id='word_1_238' title='bbox 1167 4270 1246 4337; x_wconf 83' lang='grc' dir='ltr'><strong><em>τῶν</em></strong></span> <span class='ocrx_word' id='word_1_239' title='bbox 1270 4292 1364 4360; x_wconf 91' lang='grc' dir='ltr'><strong><em>παρ-</em></strong></span> 
     </span>
     <span class='ocr_line' id='line_1_31' title="bbox 174 4391 583 4466; baseline -0.01 0"><span class='ocrx_word' id='word_1_240' title='bbox 174 4395 298 4466; x_wconf 87' lang='grc' dir='ltr'><strong><em>όντων</em></strong></span> <span class='ocrx_word' id='word_1_241' title='bbox 324 4391 583 4464; x_wconf 82' lang='lat' dir='ltr'>omittebatur.</span> 
     </span>
    </p>

    <p class='ocr_par' dir='ltr' id='par_1_8' title="bbox 223 4518 1368 4618">
     <span class='ocr_line' id='line_1_32' title="bbox 223 4518 1368 4618; baseline 0.003 -23"><span class='ocrx_word' id='word_1_242' title='bbox 223 4518 259 4594; x_wconf 83' lang='grc' dir='ltr'>δ.</span> <span class='ocrx_word' id='word_1_243' title='bbox 282 4521 303 4610; x_wconf 71' lang='lat'>5</span> <span class='ocrx_word' id='word_1_244' title='bbox 326 4518 359 4595; x_wconf 79' lang='lat'>7.</span> <span class='ocrx_word' id='word_1_245' title='bbox 385 4518 505 4610; x_wconf 75' lang='lat' dir='ltr'>Rene,</span> <span class='ocrx_word' id='word_1_246' title='bbox 538 4518 604 4613; x_wconf 90' lang='lat' dir='ltr'>qui</span> <span class='ocrx_word' id='word_1_247' title='bbox 631 4519 671 4591; x_wconf 92' lang='lat' dir='ltr'>in</span> <span class='ocrx_word' id='word_1_248' title='bbox 697 4520 955 4614; x_wconf 87' lang='lat' dir='ltr'>sequentibus,</span> <span class='ocrx_word' id='word_1_249' title='bbox 981 4543 1238 4618; x_wconf 82' lang='lat' dir='ltr'>quaecumque</span> <span class='ocrx_word' id='word_1_250' title='bbox 1262 4546 1368 4598; x_wconf 84' lang='lat' dir='ltr'>acon-</span> 
     </span>
    </p>
   </div>
   <div class='ocr_carea' id='block_1_7' title="bbox 0 0 1688 5324">
    <p class='ocr_par' dir='ltr' id='par_1_9' title="bbox 0 0 1688 5324">
     <span class='ocr_line' id='line_1_33' title="bbox 0 0 1688 5324; baseline 0 0"><span class='ocrx_word' id='word_1_251' title='bbox 0 0 1688 5324; x_wconf 95' lang='lat' dir='ltr'> </span> 
     </span>
    </p>
   </div>
  </div>
 </body>
</html>
