3366 5324
906 498 955 576 30

338 690 516 766 straverit
553 714 658 783 reus,
694 714 781 765 cum
818 692 1039 786 praesertim
1077 714 1122 765 ex
1160 692 1402 786 sequentibus
1438 694 1532 767 satis

338 822 538 912 appareat,
571 822 716 913 quanta
748 819 941 892 tribuatur
975 819 1068 914 legi,
1104 819 1150 892 de
1185 841 1260 913 qua
1298 842 1420 893 sermo
1453 822 1532 911 est,

338 946 394 1019 vis
427 950 467 1019 et
501 947 723 1022 auctoritas.
765 947 938 1021 Ceterum
972 970 1054 1036 me,
1090 947 1185 1020 talia
1219 946 1265 1019 de
1294 950 1423 1021 nostro
1449 947 1532 1022 loco

338 1073 637 1167 praedicantem,
669 1096 799 1148 veram
824 1074 1023 1148 lectionem
1049 1073 1219 1168 indagari
1245 1095 1376 1167 posse,
1404 1073 1533 1168 despe-

338 1223 442 1286 rare,
468 1203 532 1274 vix
558 1205 634 1289 est,
661 1201 761 1296 quod
788 1201 957 1295 pluribus
984 1201 1116 1274 dicam.

387 1329 442 1420 ἐξ
460 1328 610 1402 10-12.
638 1328 897 1421 ἀπολυόμενος
924 1326 967 1402 δὲ
991 1329 1065 1403 ὑπό
1089 1357 1128 1402 τε
1154 1341 1219 1419 τῆς
1245 1328 1428 1417 ἀληθείας
1453 1336 1533 1404 τῶν

338 1460 597 1553 πραχθέντων
629 1457 702 1531 ὑπό
734 1485 772 1529 τε
806 1465 872 1530 τοῦ
898 1460 1022 1550 νόμου
1048 1457 1188 1530 καθ’ὃν
1214 1454 1414 1545 διώκεται,
1442 1455 1533 1533 οὐδὲ

338 1592 416 1657 τῶν
439 1583 741 1674 ἐπιτηδευμάτων
759 1588 885 1658 εἵνεκα
899 1583 1047 1658 δίκαιοι
1061 1587 1245 1660 τοιούτων
1259 1593 1391 1659 κακῶν
1404 1584 1533 1673 άξιοῡ-
1577 1613 1582 1622 ·

339 1713 440 1787 σθαί
463 1716 587 1808 ἐσμεν.
614 1703 725 1798 οὗτος
748 1743 786 1788 τε
811 1715 885 1811 γάρ
913 1713 1057 1788 άνόσια
1083 1716 1253 1788 πείσεται
1279 1714 1350 1798 τάς
1365 1715 1411 1788 ου’
1423 1741 1535 1811 προς-

341 1844 505 1930 ηκούσας
536 1846 660 1938 φέρων
695 1842 910 1938 ἁμαρτίας,
946 1843 1018 1940 ἐγώ
1047 1871 1085 1916 τε
1117 1843 1266 1935 μᾶλλον
1298 1841 1371 1933 μὲν
1400 1839 1534 1930 ου’δέν,

341 1972 484 2063 ὁμοίως
517 1969 560 2044 δὲ
592 1974 708 2069 τούτῳ
741 1973 1013 2069 ἀναμάρτητος
1047 1975 1117 2057 ὤν,
1148 1972 1205 2056 είς
1230 1971 1536 2055 πολλαπλασίους

340 2104 476 2176 τούτου
513 2103 714 2197 συμφοράς
739 2105 823 2192 ἥξω·
854 2103 920 2174 ἐπί
940 2129 977 2173 τε
1002 2101 1078 2197 γάρ
1102 2111 1145 2193 τῇ
1170 2103 1304 2175 τούτου
1330 2099 1535 2196 διαφθορᾷ

341 2231 514 2326 ἀβίωτον
536 2233 581 2304 τὸ
602 2233 821 2324 λειπόμενον
844 2241 911 2305 τοῦ
932 2231 1028 2323 βίου
1047 2228 1188 2322 διάξω,
1210 2234 1277 2304 ἐπί
1297 2259 1334 2305 τε
1358 2242 1402 2326 τῇ
1416 2232 1534 2325 έμαυ·

340 2370 405 2434 τοῦ
430 2357 600 2458 άπαιδίᾳ
625 2365 704 2449 ζῶν
731 2363 787 2432 ἔτι
813 2365 1172 2457 κατορυχθησομαι.

390 2487 597 2572 Ἐλεουντες
622 2478 691 2562 οὖν
712 2486 819 2562 τοῦδε
834 2485 909 2581 μὲν
929 2498 995 2562 τοῦ
1018 2491 1152 2577 νηπίου
1174 2490 1243 2576 τὴν
1261 2487 1536 2585 ἀναμάρτητον

342 2623 555 2715 συμφοράν,
570 2619 661 2709 ἐμοῦ
675 2613 717 2690 δὲ
731 2626 797 2690 τοῦ
810 2625 971 2714 γηραιοῦ
984 2618 1052 2691 καί
1065 2616 1205 2691 άθλίου
1219 2620 1287 2706 τὴν
1299 2614 1535 2714 άπροςδόκη-

341 2775 408 2821 τον
429 2747 719 2831 κακοπάθειαν,
742 2749 793 2838 μὴ
814 2746 1182 2840 καταψηφισάμενοι
1195 2744 1416 2844 δυσμόρους
1429 2752 1535 2842 ἡμᾶς

341 2888 617 2966 καταστήσητε,
646 2875 725 2949 ἀλλ’
749 2874 975 2959 άπολάοντες
995 2876 1190 2969 εὐσεβεῖτε.
1214 2877 1235 2948 ὅ
1259 2906 1297 2950 τε
1317 2876 1392 2974 γάρ
1411 2875 1536 2973 ἁμαρ-

341 3009 418 3080 τὼν
445 3017 666 3101 συμφοραῖς
690 3006 895 3103 περιπεσὼν
920 3006 989 3079 ουίι
1015 3005 1255 3102 άτιμώρητάς
1279 3008 1406 3096 ἐστιν,
1425 3009 1537 3098 ἡμεῖς

343 3164 383 3208 τε
416 3137 462 3209 ου’
494 3133 642 3207 δίκαιοι
678 3135 749 3219 τάς
778 3137 922 3209 τούτων
947 3134 1143 3232 ἁμαρτίας
1170 3139 1380 3231 συμφέρειν
1406 3136 1535 3229 ε’σμέν,

341 3271 409 3354 τήν
442 3292 480 3337 τε
513 3266 578 3337 οὖν
607 3264 809 3356 εὐσέβειαν
840 3267 985 3339 τούτων
1010 3270 1088 3336 τῶν
1113 3269 1373 3361 πραχθέντων
1399 3265 1466 3336 καί
1491 3265 1537 3336 τὸ

341 3392 501 3468 δίκαιον
534 3391 756 3487 αἰδούμενοι
790 3396 908 3479 ὁσίως
932 3395 998 3466 καί
1023 3393 1188 3477 δικαίως
1214 3393 1389 3468 άπολάετε
1412 3398 1536 3486 ἡμᾶς,

341 3525 410 3597 καί
433 3525 487 3616 μὴ
513 3523 740 3595 άθλιωτάτω
766 3521 843 3597 δύο,
859 3529 1005 3618 πατέρα
1031 3523 1101 3596 καὶ
1125 3522 1248 3597 παῖδα
1275 3523 1417 3621 άὼροις
1439 3549 1535 3614 συμ-

342 3666 485 3750 φοραῖς
531 3652 763 3749 περιβάλητε.
804 3651 896 3724 Gum
935 3651 1106 3724 Reiskius
1144 3652 1224 3726 sine
1262 3652 1363 3726 iusta
1401 3674 1536 3752 eausa,

341 3782 457 3872 mir0,
491 3781 556 3875 qui
591 3781 759 3872 videtur,
793 3805 817 3853 a
841 3780 1022 3876 singulari
1047 3780 1095 3852 ad
1120 3781 1306 3876 pluralem
1331 3803 1534 3854 numerum

340 3909 505 3984 transitu
538 3910 698 3982 offensus
723 3910 889 4004 primum
915 3908 1000 4001 §10
1026 3910 1183 3984 verbum
1210 3909 1250 3981 in
1276 3909 1535 4002 ἀπολυόμενοι

342 4037 568 4112 mutandum
603 4038 772 4128 censeat,
805 4036 915 4112 valde
948 4036 1082 4127 miror,
1116 4059 1237 4131 neque
1271 4058 1376 4130 eum,
1410 4060 1534 4134 neque

341 4187 571 4263 quemquam
605 4162 794 4237 editorum
819 4165 1009 4239 nutavisse
1034 4163 1197 4254 malum,
1223 4188 1298 4259 quo
1323 4166 1534 4240 sententiae

340 4293 613 4390 suprascriptae
639 4290 740 4366 inter
765 4315 805 4366 se
829 4290 1048 4382 cohaerent,
1074 4313 1267 4365 conexum.
1301 4293 1422 4385 Nam,
1446 4316 1533 4366 curn

341 4424 396 4497 rei
427 4425 537 4516 pater
568 4419 712 4512 verbis,
745 4443 842 4516 quae
876 4444 989 4516 supra
1025 4419 1133 4510 fecit,
1161 4419 1239 4493 iam
1264 4424 1324 4494 sat
1349 4444 1534 4516 superque

342 4546 678 4640 demonstraverit,
716 4547 837 4623 filium
873 4572 984 4622 suum
1018 4552 1099 4620 tam
1139 4547 1239 4643 lege,
1275 4571 1350 4644 qua
1383 4550 1532 4624 nitatur
