3424 5320
783 421 825 497 71

209 614 287 700 est,
321 611 420 705 quod
453 611 500 683 ab
533 611 603 684 hoc
634 612 717 684 loco
751 610 879 682 abesse
909 609 1173 683 molestissime
1199 609 1293 700 fero,
1320 611 1397 684 scil.

208 739 265 828 id,
300 739 339 811 in
365 761 440 833 quo
465 741 550 813 tota
575 741 748 812 versatur
772 738 979 811 accusatio:
1006 759 1141 830 nempe
1167 738 1214 810 ab
1241 761 1305 828 eo,
1333 739 1399 832 qui

208 866 323 941 verba
347 865 459 957 facit,
486 867 610 941 virum
636 869 813 938 necatum
839 865 922 937 dici.
950 863 992 936 Id
1019 864 1119 958 quod
1145 864 1317 938 additum
1340 866 1397 937 in-

206 993 380 1066 venimus
413 993 493 1067 loco
527 993 637 1067 modo
671 988 825 1064 laudato
860 993 963 1085 §20:
1000 993 1046 1065 ὃν
1072 1019 1194 1084 φασιν
1218 992 1280 1069 ὑπ’
1308 994 1399 1086 ἐμοῦ

207 1121 420 1196 ἀποθανεῖν
454 1124 493 1194 et
526 1120 634 1213 §541
669 1125 689 1210 η
720 1118 794 1212 μὲν
818 1120 998 1215 βάσανος
1023 1109 1052 1204 ᾧ
1078 1118 1214 1217 ἄνδρες
1240 1125 1398 1211 τοιαύτη

208 1257 431 1349 γεγένηται,
465 1243 485 1344 ᾗ
519 1238 624 1322 οὗτοι
654 1253 890 1335 πιστεύοντες
923 1241 962 1324 ed
994 1249 1142 1324 εἰδέναι
1176 1251 1300 1343 φασὶν
1332 1251 1395 1324 ὑπ’

208 1382 301 1473 ἐμοῦ
323 1378 578 1452 ἀποθανόντα
600 1379 669 1452 τὸν
689 1378 828 1474 ἄνδρα.
851 1379 1003 1451 Talibus
1024 1378 1164 1468 frctus,
1185 1400 1261 1451 non
1283 1378 1397 1450 nimis

207 1506 386 1580 audacter
410 1529 472 1579 me
497 1528 606 1601 agere
630 1509 724 1600 puto
746 1528 831 1579 cum
853 1506 1012 1580 conicio:
1036 1507 1159 1597 φασὶν
1179 1506 1395 1579 ἀποθανεῖν

206 1635 275 1709 ὑπ’
306 1636 328 1708 ε’
331 1644 421 1728 μού
447 1636 514 1708 τὸν
539 1633 725 1732 Ἡρῴδην.

256 1764 349 1859 522.
376 1765 454 1838 οὔτ’
481 1755 532 1838 ad
558 1762 683 1853 ἐπειδὴ
709 1764 984 1862 ὡρμισάμεύα,
1011 1768 1032 1854 ἡ
1056 1768 1297 1862 μετέκβασις
1319 1768 1397 1866 ε’γέ-

207 1920 289 1966 νετο
309 1891 364 1976 εἰς
386 1893 429 1966 τὸ
448 1897 573 1989 ἕτερον
596 1895 729 1966 πλοῖον
747 1892 876 1968 ούδενὶ
895 1900 1154 1988 μηχανήματι
1167 1894 1247 1969 οὐδ’
1262 1894 1398 1992 α’πάτη,

205 2021 283 2094 ἀλλ’
317 2021 468 2119 ἀνάγκη
501 2023 570 2094 καὶ
605 2030 713 2096 τοῦτο
746 2024 927 2120 ἐγίγνετο.
955 2026 998 2096 ἐν
1023 2014 1052 2118 ᾧ
1078 2023 1153 2115 μὲν
1177 2023 1251 2120 γαρ
1276 2026 1397 2097 ἐπλέο-

205 2177 296 2244 μεν,
334 2151 578 2246 α’στέγαστον
616 2144 660 2240 ἦν
696 2149 739 2222 τὸ
772 2151 922 2240 πλοῖον,
957 2151 1013 2234 εἰς
1048 2148 1133 2224 ὃδὲ
1158 2155 1396 2246 μετέβημεν,

209 2281 499 2375 ἐστεγασμένον·
528 2287 594 2352 τού
619 2275 661 2351 δὲ
686 2278 791 2352 ύετοῡ
818 2283 927 2354 ἕνεκα
953 2278 1059 2353 ταῦτ’
1081 2273 1137 2371 ἧν.
1164 2280 1299 2355 Orator
1319 2304 1397 2354 sese

209 2408 300 2480 dicit
331 2428 407 2479 non
442 2406 522 2479 sine
554 2407 655 2478 iusta
679 2429 792 2479 causa
818 2406 881 2480 sed
908 2407 1134 2481 necessitate
1159 2410 1332 2481 coactum
1358 2411 1397 2482 et

208 2535 490 2629 navigationem
516 2533 719 2628 suscepisse
747 2538 809 2624 et,
833 2557 919 2606 cum
945 2535 985 2605 in
1007 2535 1103 2605 mari
1123 2539 1240 2623 esset,
1262 2558 1396 2608 navem

209 2663 256 2735 ad
279 2663 404 2736 locum
425 2662 613 2755 quendam
635 2662 843 2756 appulisse;
868 2662 967 2754 ipsas
989 2664 1118 2734 autem
1140 2684 1290 2750 causas,
1303 2685 1400 2755 quae

208 2813 307 2876 sese,
334 2764 380 2861 ut
404 2790 460 2861 ite
484 2789 644 2876 faceret,
666 2763 875 2883 coegerint,
897 2789 1042 2861 adferre
1064 2788 1285 2881 supersedit,
1298 2789 1398 2882 quod

210 2940 272 2989 eas
294 2917 333 2988 in
358 2915 666 2988 antecedentibus
690 2917 768 2986 iam
793 2916 887 2987 satis
913 2938 1098 3010 superque
1113 2939 1400 2990 commemoras·

210 3046 288 3133 set,
313 3043 391 3115 soil.
418 3043 517 3133 §20:
546 3044 724 3136 ἐπλέομεν
750 3041 792 3115 δὲ
818 3043 875 3128 εἰς
899 3046 966 3132 τὴν
991 3041 1135 3136 Αἶνον,
1158 3045 1232 3142 ἐγὼ
1253 3045 1326 3138 μὲν
1348 3048 1400 3131 ὡς

210 3174 279 3247 τὸν
314 3177 460 3268 πατέρα
499 3216 545 3224 -
584 3175 772 3270 ἐτύγχανε
803 3174 876 3270 γαρ
912 3177 992 3247 ἐκεῖ
1021 3175 1075 3247 ὢν
1111 3177 1194 3250 τότε
1220 3216 1289 3260 -‚
1316 3177 1337 3250 ὁ
1363 3175 1399 3250 d'

208 3300 380 3400 Ἡρῴδης
420 3299 647 3398 ἀνδράποδα
685 3303 830 3400 Θρᾳξὶν
865 3301 1086 3400 ἀνθρώποις
1119 3302 1315 3378 ἀπολύσων
1360 3309 1399 3380 et

209 3432 321 3523 521:
363 3433 550 3525 ἐτύχομεν
589 3429 629 3503 δὲ
664 3435 840 3526 χειμῶνι’
863 3460 948 3507 τινι
981 3433 1239 3531 χρησάμενοι,
1265 3437 1329 3528 ὑφ’
1356 3426 1399 3509 ού

209 3558 512 3655 ἠναγκάσθημεν
539 3570 757 3652 κατασχεῖν
781 3560 837 3645 εἰς
864 3571 930 3652 τῆς
958 3563 1231 3655 Μηθύμναιας
1258 3593 1298 3635 τι
1323 3592 1399 3658 χω·

211 3691 296 3785 ριὀν
329 3710 364 3780 q.
392 3709 420 3758 s.
456 3685 550 3758 Oum
578 3689 707 3758 autem
732 3687 865 3760 deinde
892 3687 1017 3759 addit:
1044 3711 1122 3761 sese
1149 3693 1189 3762 et
1214 3690 1400 3763 Herodem

210 3836 328 3902 nova,
362 3834 458 3907 quae
490 3815 576 3885 orta
601 3815 699 3885 esset
723 3813 959 3901 necessit-ate,
987 3818 1135 3887 coactos
1161 3837 1258 3905 esse,
1284 3820 1330 3888 ut
1355 3838 1401 3888 ex

211 3963 326 4030 nave,
353 3964 429 4034 qua
454 3959 618 4032 eousque
643 3939 701 4010 usi
733 3942 867 4028 essent,
890 3939 929 4010 in
943 3939 1056 4012 aliam
1071 3944 1400 4032 transcenderent,

210 4092 363 4163 parum,
396 4070 441 4140 ut
475 4067 627 4161 opinor,
661 4089 700 4139 se
725 4066 796 4139 hoc
821 4069 970 4140 coactos
996 4089 1094 4157 esse,
1120 4070 1226 4142 nobis
1251 4092 1400 4162 persua-

210 4195 293 4284 det,
320 4217 406 4267 cum
432 4194 558 4268 docet:
587 4195 629 4269 ἐν
654 4185 683 4289 ᾧ
708 4191 782 4286 μὲν
808 4193 882 4291 γαρ
909 4196 1088 4287 ἐπλέομεν
1114 4198 1202 4268 cett.
1237 4196 1400 4268 Ournam

209 4323 256 4394 iis
289 4343 381 4416 opus
415 4324 498 4393 erat
527 4322 615 4394 navi
641 4322 858 4395 constratat
885 4322 972 4414 Ipsa
996 4322 1106 4393 huius
1131 4321 1185 4394 rei
1212 4343 1344 4411 causa,
1370 4323 1401 4393 si

211 4448 300 4542 quid
325 4447 467 4538 sentio,
494 4450 584 4520 ante
610 4448 738 4520 omnia
763 4448 984 4542 proferenda
1010 4451 1102 4520 erat.
1129 4448 1211 4521 Huc
1236 4449 1400 4538 accedit,
