3424 5320
855 437 902 512 74

287 631 334 703 οὐ
358 627 475 720 δήπου
502 673 547 683 -
574 626 703 714 εἰδώς,
729 629 944 720 iustamque
969 648 1014 699 ea
1038 624 1241 698 admittere
1262 624 1478 719 explicatio·

288 781 396 848 nem,
435 762 584 847 tamen,
613 756 812 830 recordans
847 776 956 848 saepe
981 753 1021 824 in
1046 752 1290 846 Antiphontis
1312 752 1480 845 reliquiis

287 907 374 958 cum
399 884 492 957 alias
519 884 690 973 voculas,
716 885 801 955 tum
825 881 1024 975 praecipue
1050 880 1227 953 excidisse
1253 879 1477 973 particulam

287 1013 358 1104 ἄν,
382 1015 421 1087 et
445 1013 481 1084 h.
495 1013 520 1085 l.
547 1015 738 1107 praestare
762 1015 914 1105 putem:
942 1009 1209 1104 ἔπεμπον<ἂν>
1235 1006 1357 1093 εἰδώς.

335 1144 356 1232 ἓ
384 1139 439 1212 25.
479 1147 633 1238 πρῶτον.
664 1137 739 1232 μὲν
775 1139 848 1238 γάρ
882 1139 973 1234 πρὶν
1006 1137 1233 1234 ἀνάγεσθαί
1257 1166 1305 1231 με
1327 1137 1382 1219 εἰς
1408 1138 1477 1224 τὴν

285 1265 426 1354 Αἶνον,
467 1269 528 1342 ὅτε
567 1263 613 1360 ἦν
650 1267 805 1360 ἀφανὴς
843 1269 864 1341 ὁ
902 1266 1019 1361 ἀνὴρ,
1055 1264 1179 1350 οὐδεὶς
1213 1267 1399 1362 ᾐτιάσατό
1431 1293 1478 1358 με

287 1397 521 1493 ἀνθρώπων,
558 1395 627 1487 ἤδη
658 1401 907 1489 πεπυσμένων
942 1399 1086 1470 τούτων
1119 1399 1184 1485 τὴν
1212 1394 1405 1492 ἀγγελίαν·
1422 1395 1479 1468 ὀυ’

288 1525 361 1623 γάρ
385 1524 436 1598 ἄν
463 1552 547 1598 ποτε
572 1527 734 1621 ᾠχόμην
760 1527 885 1598 πλέων.
913 1524 1013 1597 Scire
1038 1525 1241 1618 pervelim,
1269 1522 1476 1616 quidHer-

288 1654 506 1726 werdenum
539 1653 754 1747 impulerit,
789 1656 834 1725 ut
854 1653 909 1737 εἰς
939 1655 1003 1741 τὴν
1026 1648 1152 1725 Αἶνον
1175 1653 1374 1744 tamquam
1400 1671 1477 1722 em-

288 1781 414 1852 blema
439 1780 598 1870 deleret,
623 1803 709 1852 cum
733 1785 864 1854 tamen
889 1782 959 1854 hoc
978 1779 1205 1854 vocabulum
1224 1780 1263 1850 et
1283 1777 1476 1850 benecon-

289 1907 419 1981 veniat
440 1906 687 2001 Antiphontis
709 1908 790 1981 fuse
802 1909 949 1983 dicendi
963 1908 1103 1980 rationi
1115 1963 1123 1996 ,
1137 1927 1258 2000 neque
1271 1905 1477 1999 quidquam

289 2033 501 2107 offensionis
522 2035 709 2128 praebeat.
733 2035 825 2107 Mihi
844 2036 971 2130 potius
985 2035 1181 2128 sequentia
1194 2035 1254 2107 ὅτε
1267 2028 1313 2124 ἧν
1325 2031 1479 2124 ἀφανὴς

290 2161 311 2234 ὁ
336 2159 431 2258 ἀνήρ
457 2161 718 2235 difficultatem
744 2162 844 2236 alere
868 2162 1064 2252 videntur,
1090 2161 1189 2255 quod
1213 2165 1383 2256 tempus,
1404 2182 1478 2253 quo

292 2311 404 2362 nemo
439 2311 518 2361 sese
553 2290 802 2378 accusaverit,
827 2293 956 2364 orator
981 2290 1073 2363 satis
1100 2289 1311 2384 designavit
1336 2289 1476 2362 verbis:

220 2483 225 2492 .
290 2416 381 2511 πρὶν
404 2415 631 2512 ἀνάγεσθαί
650 2446 698 2506 με
722 2420 779 2501 εἰς
804 2421 871 2506 τὴν
894 2414 1040 2506 Αἶνον,
1066 2417 1122 2489 ita
1148 2420 1193 2488 ut
1219 2439 1341 2511 seqq.:
1364 2418 1424 2490 ὅτε
1435 2409 1481 2507 ἧν

290 2545 444 2637 ἀφανὴς
476 2545 496 2617 ὁ
527 2543 624 2640 ἁνήρ
655 2545 767 2639 plane
801 2546 1013 2635 abundent,
1039 2549 1078 2618 et
1103 2545 1255 2639 quidem
1278 2545 1334 2617 ita
1362 2545 1478 2616 abun·

289 2675 401 2763 dent,
434 2675 479 2745 ut
511 2672 548 2744 id
580 2675 733 2746 tantum
768 2674 916 2762 dicant,
950 2673 1048 2767 quod
1084 2673 1195 2747 aliter
1220 2673 1301 2745 fieri
1326 2673 1477 2746 omnino

289 2823 365 2874 non
403 2801 583 2894 potuerit.
623 2801 814 2886 Quomodo
851 2802 952 2874 enim
990 2824 1077 2874 reus
1110 2824 1154 2875 eo
1189 2804 1378 2896 tempore,
1404 2822 1477 2893 quo

197 2905 204 2920 ’
289 2928 455 3003 Herodes
479 2929 626 3023 integer
647 2929 796 3018 aderat,
816 2929 917 3002 hunc
933 2951 1085 3002 necasse
1099 2929 1265 3001 accusari
1277 2927 1478 3022 potueratl

290 3057 418 3151 Apage
444 3056 539 3128 talia
563 3055 759 3150 pueriliter
783 3055 922 3129 addita.

337 3183 459 3257 Nemo
485 3184 604 3278 igitur
628 3183 928 3256 adversariorum
951 3185 1141 3258 accusavit
1161 3207 1269 3256 reum
1287 3187 1478 3256 tumtem-

289 3311 403 3405 poris,
438 3311 511 3382 etsi
544 3312 620 3381 iam
654 3314 873 3403 acceperant
907 3311 1095 3385 nuntium.
1131 3311 1310 3406 Quisnam
1335 3315 1391 3384 est
1416 3312 1479 3384 ille

289 3438 467 3527 nuntiuS,
493 3438 559 3530 qui
579 3436 694 3508 nullis
719 3437 882 3530 amplius
903 3438 1041 3510 additis
1062 3442 1106 3513 ut
1120 3441 1294 3512 omnibus
1308 3441 1479 3533 cognitus

289 3565 536 3658 proponiturl
565 3562 686 3635 Semel
714 3565 867 3635 tantum
891 3565 1026 3653 ineis,
1049 3589 1146 3659 quae
1168 3567 1480 3661 praegrediuntur

289 3691 334 3764 de
359 3691 430 3763 hoc
454 3691 589 3763 nuntio
617 3712 739 3763 sermo
766 3693 843 3781 est,
870 3692 947 3763 scil.
974 3694 1042 3765 sub
1067 3693 1180 3765 finem
1207 3694 1306 3785 523:
1334 3695 1402 3767 καὶ
1423 3697 1479 3778 εἴς

288 3847 330 3919 γε
355 3823 422 3905 τὴν
446 3819 671 3909 Μυτιλήνην
698 3820 771 3917 ἐγὼ
793 3825 921 3905 αἴτιος
944 3817 1207 3916 ἧπεμφθῆναι
1221 3824 1396 3920 ἄγγελον,
1410 3826 1480 3896 καὶ

288 3959 331 4044 τῇ
359 3952 427 4044 ἐμῇ
453 3951 586 4047 γνώμῃ
612 3951 803 4044 ἐπέμπετο·
831 3950 902 4024 Sed
928 3954 1064 4025 neutro
1089 3951 1188 4040 loco,
1211 3952 1302 4044 quid
1323 3952 1480 4024 nuntius

290 4079 501 4167 attulisset,
528 4077 670 4150 dietum
697 4081 765 4152 est.

337 4205 549 4300 Utramque
571 4206 663 4277 mihi
684 4207 813 4279 videor
826 4207 1086 4280 difficultatem
1099 4228 1292 4280 removere
1304 4207 1480 4302 legendo:

290 4343 438 4430 πρῶτον
475 4334 550 4429 μὲν
588 4335 661 4432 γάρ
699 4336 789 4431 πρὶν
822 4335 1046 4433 ἀνάγεσθαί
1075 4364 1122 4429 με
1157 4335 1212 4419 εἰς
1247 4339 1314 4425 τὴν
1340 4333 1481 4422 Αἶνον,

292 4460 417 4546 οὐδεὶς
442 4463 627 4557 ᾐτιάσατό
651 4494 699 4557 με
725 4464 957 4562 ἀνθρώπων,
984 4464 1053 4556 ἤδη
1074 4470 1319 4557 πεπυσμένων
1340 4466 1482 4539 τούτων
