3424 5320
891 450 957 523 106

331 646 369 718 et
400 642 567 738 Sophocl.
602 642 691 714 Ant.
725 663 778 715 vs.
814 640 885 713 349
915 662 1015 734 seqq.
1044 639 1220 714 conferas
1242 640 1358 713 etiam
1381 640 1521 746 Masta

330 794 465 844 nerum
498 767 546 842 'ad
580 773 626 842 B.
650 799 685 868 γ.
714 769 782 861 54.
809 768 983 842 Ceterum
1008 768 1077 842 hec
1109 769 1219 842 modo
1244 753 1437 862 praesens,
1464 769 1522 841 fu-

330 900 481 988 turum,
516 899 700 971 aoristum
726 895 901 990 empirice
927 894 1138 967 adhibitum
1165 895 1298 968 eadem
1323 895 1382 967 uti
1407 895 1520 989 signi-

329 1023 523 1113 ficatione,
552 1023 626 1094 nisi
651 1021 751 1116 quod
777 1021 937 1093 aeristus
963 1019 1160 1113 empiricus
1186 1021 1372 1113 poeticum
1400 1021 1521 1116 magis

329 1173 418 1245 prae
452 1173 491 1224 se
515 1150 590 1223 fert
615 1150 798 1237 colorem,
823 1148 864 1219 in
889 1147 1106 1219 universum
1131 1150 1190 1219 sat
1217 1150 1352 1220 notum
1377 1151 1446 1220 est.
1472 1149 1518 1221 cf.

329 1302 359 1352 e.
384 1301 418 1373 g.
445 1277 623 1350 Classenii
648 1277 694 1348 ad
719 1274 883 1369 Thucyd.
906 1273 934 1346 Ι.
959 1272 1017 1345 69.
1041 1272 1074 1344 5.
1099 1272 1147 1344 ΙΙ.
1174 1274 1229 1344 11.
1253 1272 1286 1344 4.
1307 1273 1370 1346 IV.
1388 1274 1467 1348 126.
1482 1273 1517 1347 4.

199 1401 204 1408 ’
328 1411 367 1480 et
399 1405 602 1479 Rehdanzii
639 1401 939 1492 „Demosthenes
965 1424 1067 1474 neun
1092 1400 1344 1496 Philippische
1368 1402 1518 1476 Reden’'

329 1532 473 1605 Indices
498 1555 581 1626 pag.
609 1532 666 1605 48.

378 1659 466 1732 Nou
491 1663 619 1732 tamen
646 1658 817 1753 equidem
843 1657 954 1732 valde
977 1657 1171 1743 resistam,
1195 1656 1226 1727 si
1247 1654 1331 1748 quis
1344 1654 1518 1728 futurum

330 1787 514 1882 ἀφέξεται
548 1785 697 1880 proprie
732 1784 910 1878 explicari
943 1783 1111 1871 mavult,
1136 1786 1181 1854 ut
1205 1780 1442 1854 referendum
1469 1783 1520 1855 sit

250 1977 253 1982 .
329 1916 376 1988 ad
402 1919 571 2009 tempus,
596 1912 694 2006 quod
719 1911 815 1983 illud
842 1911 1015 2007 ἁγνεύειν
1039 1910 1289 2004 subsequitur.
1315 1909 1458 2003 Utique
1479 1909 1516 1980 in

329 2041 473 2115 tradita
497 2040 659 2112 lectione
684 2038 778 2110 nihil
804 2040 1031 2111 mutandum
1056 2042 1160 2132 pute.

379 2167 472 2260 510.
498 2168 581 2240 οὔτε
605 2165 680 2263 γαρ
706 2162 750 2254 δὴ
774 2153 818 2238 οὗ
845 2169 866 2254 ἡ
891 2167 1004 2249 πόλις
1030 2165 1251 2259 ἐλάμβανεν
1276 2165 1327 2238 ἂν
1353 2163 1465 2254 δίκην
1485 2168 1523 2238 εί

330 2325 369 2367 τι
411 2293 587 2386 ἠδίκητο,
631 2294 804 2367 ἐνταῦθα
839 2297 907 2382 τὴν
939 2297 1176 2393 κατηγορίαν
1210 2304 1391 2380 ποιεῖται,
1426 2296 1519 2366 ὥστε

329 2424 495 2521 χάριτος
521 2423 635 2508 ἄξιον
659 2418 760 2496 εἶναι
784 2431 827 2515 τῇ
853 2423 955 2497 πόλει
976 2446 1011 2517 q.
1028 2447 1055 2496 s.
1070 2424 1142 2497 Pro
1156 2423 1326 2497 codicum
1338 2423 1517 2496 lectione:

329 2557 398 2644 τὴν
430 2553 663 2651 κατηγορίαν
695 2563 860 2624 ποιεῖται
898 2553 1030 2646 utique
1055 2575 1141 2624 eum
1166 2552 1316 2625 Reiskio
1341 2574 1518 2646 reponen-

329 2682 398 2754 dus
431 2683 513 2754 crat
547 2679 704 2774 pluralis
739 2700 937 2751 numerus:
972 2689 1191 2768 ποιοῦνται,
1226 2678 1271 2750 cf.
1297 2677 1518 2751 Jemstedtii
1563 2725 1564 2728 =

333 2809 497 2897 „obseru
532 2807 710 2900 Antiph.”
735 2829 818 2901 pag.
847 2804 912 2894 27;
939 2807 1003 2879 sed
1029 2808 1175 2897 videas,
1201 2831 1292 2878 num
1319 2806 1416 2879 forte
1441 2828 1518 2878 rec-

329 2936 406 3008 tius
440 2957 479 3008 se
508 2933 647 3006 habeat
679 2936 911 3022 πεποίηνται.
950 2933 994 3006 cf.
1028 2957 1059 3007 e.
1081 2958 1116 3028 g.
1151 2933 1235 3026 ἕλε
1262 2922 1367 3008 οὗτοι
1393 2930 1518 3028 (μὲν)

329 3064 404 3162 γάρ
436 3065 504 3151 τὴν
536 3061 613 3155 μὲν
645 3061 781 3148 δίωξιν
814 3063 1010 3157 εὐσεβείας
1045 3068 1154 3138 ἕνεκα
1188 3092 1287 3156 φασι
1319 3070 1517 3138 ποιεῖσθαι

329 3193 398 3265 καὶ
431 3198 498 3264 τοῦ
529 3188 704 3280 δικαίου,
737 3194 805 3280 τὴν
836 3188 878 3264 δὲ
904 3214 1142 3290 κατηγοριαν
1166 3193 1324 3267 ἅπασαν
1349 3196 1518 3282 πεποίην-

329 3348 396 3393 ται
421 3317 609 3411 διαβολῆς
636 3324 745 3393 ἕνεκα
771 3320 841 3392 καὶ
865 3318 1012 3407 ἀπάτης
1039 3323 1127 3394 cett.
1153 3322 1359 3415 Postquam
1383 3321 1517 3396 literae

329 3459 385 3513 ne
419 3468 485 3539 per
519 3446 830 3539 haplegraphiam
865 3446 1100 3536 exciderant,
1134 3449 1239 3522 nullo
1264 3449 1341 3520 iem
1366 3449 1517 3543 negotio

328 3574 529 3669 reliquiae:
557 3582 771 3638 ΠΟΙΗΝΤΑΙ
797 3573 955 3646 abibant
979 3574 1018 3646 in
1043 3575 1263 3666 lectionem,
1289 3575 1421 3650 deinde
1442 3597 1517 3648 ser·

329 3697 476 3776 vatam:
504 3710 681 3774 ποιεῖται.

378 3829 471 3920 511.
498 3829 565 3902 καὶ
591 3836 742 3924 πρῶτον
765 3828 840 3923 μὲν
862 3827 1141 3906 διδασκαλεῖον·
1158 3827 1228 3926 (ᾗ)
1250 3823 1294 3920 ἦν
1317 3828 1519 3920 ἐπιτηδειό-

328 3983 446 4032 τατον
471 3971 538 4049 τῆς
564 3959 657 4052 ἐμῆς
683 3957 811 4043 οἰκίας
836 3961 1110 4048 κατεσκεύασα,
1140 3963 1181 4033 ἐν
1208 3951 1306 4056 ᾧπερ
1330 3959 1398 4033 καὶ
1427 3971 1518 4032 Διο-

328 4090 479 4172 νυσίοις
511 4089 573 4162 ὅτε
607 4089 819 4186 ἐχορήγουν
853 4087 1082 4162 ἐδίδασκον·
1116 4089 1254 4162 Statim
1288 4089 1444 4182 apparet
1477 4087 1518 4158 in

328 4215 497 4288 codicum
521 4215 682 4288 lectione
709 4219 799 4288 ante
825 4217 982 4289 verbum
1003 4211 1048 4307 ἦν
1072 4215 1273 4289 desiderari
1292 4214 1518 4288 vocabulum

328 4342 537 4434 quoddam,
578 4365 652 4437 quo
686 4343 868 4415 transitus
902 4347 1056 4437 paretur
1090 4367 1113 4416 a
1145 4342 1296 4416 nemine
1329 4341 1518 4415 διδασκα-

329 4468 429 4540 λεῖον
462 4469 509 4540 ad
542 4470 756 4563 sequentia,
782 4492 898 4563 quae,
922 4471 1085 4543 utillud
1111 4471 1323 4543 accuratius
1348 4469 1518 4545 definire-
