3366 5324
686 482 771 586 ,n

161 679 357 775 praeteriti
378 677 532 751 modum
555 679 798 770 antirealem,
819 679 980 753 formam
998 679 1038 751 in
1050 680 1190 754 talibus
1204 681 1357 770 tritam,

162 808 239 882 scil.
265 807 467 880 aoristam:
491 807 543 879 dr
569 809 783 905 ἐκηρύχθη,
810 809 940 881 tamen
966 808 1090 900 nulla,
1117 831 1164 882 ne
1190 809 1246 881 ita
1269 808 1357 882 scri-

162 935 317 1008 beretur
347 956 459 1007 causa
492 935 732 1029 prohibente,
761 936 932 1009 adhibita
957 939 1015 1008 est
1042 935 1278 1031 Imperfecti:
1306 936 1358 1010 ἂν

165 1065 395 1162 ἐκηρύσσετο.

214 1193 235 1282 ἓ
257 1189 290 1262 3.
317 1194 359 1263 ού
381 1219 419 1262 τε
443 1181 561 1277 ἧσσον
585 1188 878 1276 κινδυνεύοντες
903 1199 982 1265 τῶν
1009 1192 1155 1284 μᾶλλον
1181 1194 1222 1266 ἐν
1243 1194 1359 1290 φόβῳ

132 1320 289 1392 ·ὄντων
325 1320 396 1392 ούκ
435 1316 509 1392 οἶδ’
544 1320 644 1403 ὅπως
678 1320 729 1394 ἂν
761 1320 908 1414 μᾶλλον
940 1323 1219 1414 ἐπεβούλευσαν
1244 1324 1358 1418 αύτῷ·

163 1448 254 1533 τούς
288 1446 364 1541 μὲν
390 1447 464 1545 γαρ
489 1449 511 1521 ὅ
535 1477 576 1521 τε
599 1449 728 1542 φόβος
748 1453 770 1538 ἣ
791 1478 828 1523 τε
850 1447 985 1522 οέδικία
1010 1451 1123 1539 ἱκανὴ
1143 1445 1190 1542 ἦν
1212 1461 1359 1525 παῦσαι

164 1589 233 1676 τῆς
269 1579 511 1674 προμηθίας,
545 1587 630 1663 τοῖς
663 1575 706 1651 δὲ
732 1579 754 1651 ὅ
779 1607 817 1651 τε
851 1577 1034 1664 κίνδυνος
1071 1583 1152 1668 ἥτε
1187 1579 1360 1673 αἰσχύνη

164 1707 307 1799 μείζων
334 1696 433 1780 οὖσα
463 1717 531 1797 τῆς
557 1705 770 1803 διαφορᾶς,
797 1708 836 1780 εἰ
855 1711 925 1782 καὶ
953 1706 1210 1798 διενοήθησαν
1236 1717 1358 1782 ταῦτα

166 1842 331 1931 πρᾶξαι,
369 1834 543 1932 ἀρκοῦσα
580 1830 625 1927 ἦν
664 1840 903 1934 σωφρονίσαι
934 1839 979 1911 τὸ
1013 1840 1258 1932 θυμούμενον
1294 1849 1360 1927 τῆς

166 1967 333 2062 γνώμης.
382 1963 520 2036 Mirum
563 1964 788 2038 exercendae
826 1966 920 2037 artis
958 1966 1108 2040 criticae
1146 1966 1360 2060 exemplum

166 2089 380 2165 Goelkelius
412 2091 448 2164 a.
470 2092 495 2163 1.
527 2085 707 2165 exhibuit.
743 2092 875 2165 nitere
909 2093 1009 2166 enim
1042 2071 1103 2167 vn
1125 2093 1360 2168 doctissimus

166 2219 357 2314 perhibet,
402 2219 510 2314 quasi
558 2219 813 2314 unusquisque
856 2242 1100 2293 consensurus
1140 2221 1209 2311 sit,
1247 2221 1363 2295 verba

168 2347 300 2440 φόβος
333 2348 373 2420 et
407 2344 589 2430 rectilocos
614 2347 715 2419 inter
740 2369 779 2420 se
804 2348 976 2442 opposita
1003 2370 1100 2436 esse3
1128 2348 1222 2421 item
1247 2347 1361 2421 verbo

167 2473 307 2548 ἀδικία
332 2473 490 2546 indicari
515 2473 714 2564 iniuriam,
741 2498 858 2569 quam
879 2486 921 2550 οἱ
939 2469 1057 2565 ἧσσον
1078 2475 1363 2560 κινδυνεύοντες

165 2603 307 2676 facturi
340 2603 437 2693 sint,
475 2624 604 2676 vocem
638 2603 810 2696 αἰσχύνη
845 2608 974 2678 autem
1001 2606 1100 2678 idem
1128 2627 1206 2679 esse
1232 2626 1276 2676 ac
1301 2603 1363 2677 αι’-

168 2735 294 2826 σχύνη
321 2733 383 2805 ἐπὶ
407 2741 492 2815 τοῖς
517 2739 802 2828 γεγενημένοις,
828 2756 901 2827 quo
927 2734 1159 2836 significetur
1183 2732 1361 2823 dedecus,

169 2861 271 2955 quod
291 2883 355 2933 reo
375 2860 578 2933 adhaereat
600 2861 647 2934 ob
668 2861 853 2955 perditas,
874 2883 968 2955 quas
988 2864 1102 2933 antea
1122 2881 1208 2931 cum
1229 2858 1361 2933 adver·

169 2989 269 3061 sario
295 2988 452 3083 egisset,
477 3009 621 3060 causas.
648 2987 729 3061 Hac
756 2987 959 3061 disserendi
978 2988 1145 3077 ratione,
1163 2990 1361 3080 tamquam

168 3115 279 3188 firmo
313 3114 559 3188 fundamento
593 3115 790 3205 insistens,
824 3114 883 3188 vir
915 3114 1045 3188 doctus
1081 3114 1237 3203 conicit,
1273 3117 1362 3187 ante

169 3265 250 3318 voc.
274 3243 445 3339 doxocoa
469 3243 705 3316 inserendam
728 3265 807 3316 esse
828 3245 926 3337 part.
948 3243 1036 3333 ου’κ,
1053 3245 1102 3328 et,
1117 3245 1268 3315 mutato
1282 3263 1363 3315 voc.

170 3369 365 3471 διαφορᾶς
390 3374 430 3446 in
452 3370 651 3462 διανοίας,
673 3372 805 3445 verba:
826 3371 866 3445 εἰ
883 3371 953 3444 καὶ
974 3367 1229 3460 διενοήθησαν
1242 3379 1362 3444 ταῦτα

170 3509 312 3600 πρᾶξαι
343 3506 543 3596 tamquam
576 3499 761 3595 glossema
790 3498 947 3572 delenda
972 3521 1059 3572 esse.
1094 3498 1173 3594 ngo
1209 3519 1297 3573 vero
1319 3540 1364 3551 -

109 3607 112 3615 ¹
170 3635 218 3705 ut
238 3655 315 3704 uno
328 3633 483 3704 tantum
497 3629 610 3703 verbo
624 3629 721 3701 hanc
733 3627 987 3700 coniecturam
1001 3626 1192 3699 dimittam
1206 3681 1215 3714 ,
1230 3669 1276 3679 —
1289 3648 1365 3698 non

171 3781 369 3854 assequor,
396 3756 582 3852 quomodo
608 3754 823 3828 Goelkelius
850 3756 929 3826 tam
955 3753 1156 3842 audacem,
1176 3752 1281 3825 nullo
1308 3773 1366 3823 ar·

169 3889 352 3982 gumento
367 3885 522 3975 fretam,
536 3882 750 3977 opinionem
762 3881 802 3954 in
816 3881 981 3954 medium
994 3879 1160 3976 proferre
1176 3903 1289 3953 ausus
1302 3879 1363 3952 sit.

220 4017 274 4088 At
306 4014 384 4085 iam
417 4012 632 4099 videamus,
666 4009 851 4103 quomodo
883 4008 977 4082 satis
1013 4007 1249 4083 commodam
1282 4029 1363 4080 sen·

169 4143 333 4216 tentiam
368 4162 495 4214 eruere
530 4137 726 4232 possimus.
760 4179 806 4190 -
836 4137 948 4208 Varia
973 4137 1110 4232 igitur,
1136 4158 1232 4230 quae
1257 4158 1362 4226 rcus,

171 4273 218 4344 ut
243 4268 409 4342 criminis
435 4266 715 4355 absolveretur,
739 4265 779 4336 in
801 4263 968 4337 medium
987 4263 1218 4358 protulerat,
1237 4262 1364 4334 redar-

169 4421 308 4495 guens,
343 4367 472 4471 orator
495 4396 624 4468 nostro
650 4391 732 4465 loco
756 4391 795 4463 id
821 4391 987 4465 refutare
1012 4389 1141 4463 studet
1165 4411 1364 4484 argumen-

171 4530 278 4617 tum,
300 4524 400 4621 quod
421 4526 616 4596 accusatus
637 4520 832 4614 proposuit
854 4519 1034 4593 orationis
1055 4541 1145 4592 suae
1167 4516 1256 4610 §55
1276 4519 1317 4591 et
1330 4515 1365 4609 6,
