3366 5324
901 432 924 504 8

310 622 518 717 Grippsiani
554 624 739 718 scriptura
776 627 972 717 tamquam
1007 621 1220 695 firmissimo
1255 623 1503 696 fundamento

310 751 424 823 inniti
469 773 686 845 possumus,
731 774 807 824 non
854 751 979 840 decet,
1023 749 1124 822 hunc
1167 749 1308 823 librum
1353 772 1501 844 semper

311 878 348 949 in
396 878 568 950 omnibus
606 878 781 973 postponi
826 877 961 951 codicis
1002 876 1039 949 N
1077 877 1308 949 auctoritati.
1354 877 1397 948 Id
1434 878 1502 972 igi·

311 1009 376 1079 tur
408 1027 555 1080 censeo:
591 1006 747 1100 singulis
780 1006 868 1078 locis
902 1026 976 1077 non
1006 1003 1115 1076 anxie
1141 1004 1397 1096 quaerendum
1423 1028 1502 1078 esse

312 1133 402 1226 quid
439 1133 517 1206 sive
552 1132 586 1204 Α
619 1133 697 1206 sive
730 1131 766 1202 N
799 1131 977 1226 praebeat
1009 1131 1123 1220 liber,
1161 1134 1205 1203 ut
1238 1131 1318 1204 eius
1348 1132 1503 1205 lectioni

313 1283 460 1354 semper
493 1261 601 1333 cedat
635 1260 673 1331 id
708 1259 806 1353 quod
838 1260 936 1332 alter
970 1260 1086 1332 codex
1117 1259 1255 1348 tradit,
1290 1259 1354 1333 sed
1379 1259 1501 1332 ubivis

312 1386 510 1481 diligenter
535 1388 660 1481 potius
685 1386 976 1459 examinandum
998 1408 1095 1475 esse,
1117 1385 1207 1478 quid
1230 1388 1315 1460 tota
1335 1387 1502 1480 postulet

313 1513 510 1586 sententia.
546 1514 650 1586 Licet
683 1535 771 1608 ergo
805 1512 909 1585 libris
935 1511 969 1584 A
996 1516 1035 1585 et
1060 1511 1097 1584 N
1123 1535 1253 1606 parem
1288 1513 1365 1586 fere
1393 1513 1501 1585 attn'·

313 1640 428 1712 buam
457 1642 745 1726 auctoritatem,
772 1640 967 1713 tamenin
994 1641 1211 1714 universum
1236 1640 1314 1714 eod.
1344 1640 1502 1735 Orippsi-

314 1790 429 1839 anum
453 1769 573 1842 multo
594 1768 798 1841 fideliorem
818 1767 949 1841 ducem
971 1767 1203 1862 appellarim.
1226 1768 1269 1840 Id
1282 1769 1384 1841 enim
1397 1791 1503 1862 prae·

313 1897 373 1968 ter
397 1917 478 1986 eos,
504 1918 595 1989 quos
620 1917 732 1989 supra
752 1895 905 1969 laudavi
926 1895 1047 1980 locos,
1068 1898 1235 1969 sescenta
1247 1896 1323 1968 alia
1334 1895 1505 1989 exempla

313 2023 477 2117 probant
501 2026 541 2096 et
564 2026 766 2095 testantur.
789 2021 928 2094 Parum
950 2022 1068 2117 igitur
1088 2022 1287 2116 perspicio,
1311 2045 1377 2095 cur
1399 2045 1504 2117 saga-

313 2151 482 2224 cissimus
512 2151 765 2224 Jemstedtius
791 2172 943 2245 operam
969 2150 1120 2242 quidem
1147 2149 1310 2240 dederit,
1337 2153 1381 2223 ut
1406 2150 1505 2222 anti·

314 2279 493 2372 quissima
525 2278 761 2372 eloquentiae
794 2277 935 2350 atticae
966 2280 1215 2349 monumenta
1238 2277 1279 2348 in
1304 2277 1505 2351 verborum

314 2428 462 2501 quoque
500 2404 646 2493 formis,
684 2404 808 2496 quoad
842 2403 921 2476 eius
957 2403 1038 2476 fieri
1067 2406 1212 2496 posset,
1245 2426 1334 2477 suae
1369 2404 1506 2478 aetatis

315 2532 475 2628 speciem
505 2534 769 2625 recuperarent
796 2531 855 2620 (cf.
881 2530 1039 2624 praefat.
1065 2553 1149 2626 pag.
1177 2530 1377 2627 XXXIX),
1405 2535 1506 2605 atta

316 2682 403 2733 men
428 2660 508 2732 eius
534 2659 667 2732 codicis
692 2659 913 2732 auctoritati
938 2660 1143 2750 obtrectet,
1169 2661 1235 2755 qui
1255 2661 1350 2734 talia
1370 2660 1506 2754 saepis·

314 2787 407 2862 sime
432 2787 676 2883 integerrima
700 2786 889 2880 praebeat.
915 2786 1107 2861 Eiusmodi
1133 2787 1241 2860 sunt:

393 2970 402 2988 .
514 2914 613 3008 514:
641 2913 830 3011 κάγαθός.

401 3041 844 3136 .β.12;ταναντία.

394 3225 402 3242 .
553 3171 615 3244 18;
642 3168 887 3245 τ’ἐποιοῦντο.

576 3300 615 3370 5:
644 3299 687 3370 τὸ
713 3296 875 3397 δ’ἔργον.

552 3425 614 3502 17:
640 3428 770 3500 πώποτ
771 3423 931 3516 'eorda

546 3554 612 3625 42:
638 3565 721 3639 τοῖς
746 3553 855 3629 δἐπί.

539 3812 604 3885 60:
631 3809 712 3885 ουδ’
739 3815 897 3886 ἐκεῖνον.

544 3940 609 4016 27:
635 3939 721 4014 οὔθ
724 3937 827 4036 αἷμα
854 3943 920 4014 οὔτ
923 3938 1060 4016 ’ἄλλα

542 4069 607 4142 58:
635 4069 715 4142 αλλ’
743 4068 867 4144 οαὸἐν

512 3047 534 3136 t

514 3175 535 3264 i

517 3301 538 3391 i

514 3431 535 3519 d

512 3556 533 3645 ἓ

509 3688 609 3777 t·

504 3815 526 3904 t

508 3943 529 4031 d

507 4071 528 4162 i

464 4200 607 4289 d

510 4328 531 4417 i

513 4456 534 4545 ἓ

401 4378 410 4396 .
546 4325 611 4400 24;
638 4315 792 4397 ταλλ’
766 4332 923 4422 ανηγετο
949 4328 1013 4420 (Νῑ
1040 4327 1187 4418 ταλλα).

547 4455 612 4527 88:
639 4443 739 4527 τᾶλλ’
769 4455 986 4548 ὁπόσα(Ν;
1013 4456 1132 4532 τᾶλλα
1158 4460 1258 4554 ὅσα).
