3366 5324
932 471 1019 592 20·

357 660 435 734 scil.
474 683 561 736 vero
595 660 696 733 haud
729 659 907 734 dissimile
942 681 1040 750 esse,
1071 659 1237 733 latrones
1271 660 1422 734 caedem
1448 680 1546 732 com·
1635 639 1636 648 ἵ

358 789 501 863 misisse
522 792 591 862 ant
611 788 705 862 alios
726 788 907 883 quosdam
929 787 1098 862 homines
1117 789 1335 879 sceleratos,
1355 788 1442 883 qui,
1463 809 1547 860 cnm

357 942 381 990 a
407 919 558 992 domino
591 923 631 992 et
664 940 770 992 servo
805 918 958 991 domum
993 917 1271 991 revertentibus
1299 919 1339 990 in
1364 917 1548 992 maleficio
1636 983 1637 1000 ,

351 1047 522 1142 occupati
543 1047 733 1142 conspecti
756 1047 897 1135 essent,
921 1045 1114 1135 veriti,ne
1127 1069 1193 1141 per
1206 1069 1268 1121 eos
1280 1047 1548 1142 proderentur,

349 1179 567 1271 utrumqne¹
581 1176 789 1248 trucidasse
814 1173 1021 1269 finguntur.
1045 1172 1118 1263 At,
1139 1173 1264 1268 inquit
1286 1177 1497 1263 accusator,
1519 1173 1548 1245 si

350 1304 429 1378 tale
462 1305 554 1398 quid
587 1303 803 1391 accidisset,
838 1301 1017 1395 postridie
1050 1323 1128 1374 nna
1160 1322 1247 1372 cum
1276 1300 1411 1374 horum
1436 1299 1566 1376 caede.

352 1435 469 1509 etiam
504 1432 732 1507 maleficium
758 1431 860 1504 istud
885 1429 1124 1503 innotuisset.
1160 1429 1293 1523 Neque
1318 1429 1400 1503 iure
1424 1430 1546 1525 perhi-

350 1561 416 1634 bet
440 1582 546 1648 reus,
572 1559 745 1632 omnibus
771 1579 992 1652 persuasum
1017 1557 1149 1646 fuisse,
1178 1558 1310 1630 statim
1336 1558 1376 1631 in
1402 1559 1547 1654 ipsum,

351 1691 485 1782 utpote
506 1688 572 1782 qui
594 1687 786 1761 hominem
806 1686 1055 1758 interemtum
1074 1685 1233 1775 odisset,
1246 1708 1396 1759 omnem
1411 1688 1545 1762 redun-

352 1816 529 1888 daturam
567 1837 645 1888 esse
678 1813 939 1908 suspicionem.
973 1811 1094 1886 Nemo
1128 1814 1229 1888 enim
1259 1814 1336 1888 fere
1368 1818 1448 1906 est,
1482 1815 1546 1910 qui

352 1946 480 2039 putet,
512 1965 594 2031 ece,
619 1941 754 2036 quibus
781 1940 904 2012 minus
929 1939 1146 2033 impendeat
1172 1942 1402 2035 periculum,
1427 1964 1547 2037 aeque

350 2071 460 2146 facile
489 2093 533 2144 ac
557 2070 692 2165 quibus
717 2068 892 2164 graviora
917 2068 1082 2159 instent,
1109 2070 1156 2142 ad
1182 2071 1334 2144 insidias
1359 2071 1546 2167 parandas
1638 2085 1639 2100 ¹

352 2199 536 2272 accedere.
570 2197 671 2270 Nam
698 2196 750 2270 eis
777 2197 817 2290 (i.
832 2219 864 2268 e.
891 2195 1029 2290 ignotis
1054 2196 1148 2288 illis,
1176 2199 1253 2272 sive
1277 2200 1446 2275 latrones
1468 2200 1544 2272 fue·

275 2399 281 2408 ,
352 2330 463 2416 runt,
487 2327 566 2400 sive
587 2326 641 2414 ei,
662 2325 785 2419 quiin
807 2323 989 2396 maleficio
1014 2326 1184 2431 occupati
1197 2327 1385 2423 conspecti
1393 2330 1512 2402 'erant
1521 2330 1544 2418 ‚)

352 2477 469 2549 pavor
502 2456 543 2526 et
575 2475 736 2547 pravum
769 2451 960 2546 ingenium
997 2456 1088 2546 apta
1124 2458 1254 2546 erant,
1285 2478 1381 2550 quae
1407 2455 1544 2530 mentis

352 2581 648 2654 admonitionem
671 2580 710 2673 (i.
725 2602 756 2653 e.
779 2579 1017 2675 προμηθίαν)
1039 2582 1307 2676 reprimerent,
1328 2583 1393 2656 isti
1414 2586 1543 2657 autem

354 2711 393 2802 (i.
408 2733 439 2783 e.
461 2712 540 2800 reo)
567 2706 775 2803 periculum
801 2711 840 2780 et
866 2708 1048 2800 officium,
1074 2732 1171 2804 quae
1193 2710 1374 2784 maiorem
1394 2711 1434 2782 in
1457 2733 1543 2785 eum

352 2859 498 2911 necesse
523 2840 606 2910 erat
628 2835 707 2908 vim
731 2833 934 2923 haberent,
960 2858 1075 2929 quarn
1098 2858 1210 2909 causa
1230 2837 1452 2929 imminens,
1477 2838 1543 2913 eti-

353 2965 448 3036 amsi
464 2964 624 3059 pectoris
636 2965 741 3036 furor
753 2985 840 3036 curn
853 2963 930 3034 iam
944 2963 984 3036 in
997 2965 1192 3038 consilium
1207 2966 1328 3039 caedis
1340 2968 1544 3062 rapuisset,
1640 3025 1641 3038 .

352 3094 482 3165 tamen
515 3091 649 3164 idonea
674 3094 803 3180 erant,
829 3094 874 3163 ut
900 3091 1017 3162 animi
1044 3091 1230 3186 impeturn
1255 3098 1542 3189 compescerent.

401 3221 509 3293 Hanc
541 3219 770 3294 sententiam
806 3220 935 3290 orator
968 3218 1007 3292 in
1035 3219 1109 3292 duc
1134 3220 1191 3292 ita
1216 3221 1345 3296 divisit
1370 3222 1473 3314 cola,
1501 3225 1544 3294 ut

354 3347 583 3438 chiasmum,
608 3346 674 3440 qui
694 3348 872 3436 vocatur,
894 3346 1119 3437 admittens,
1140 3348 1181 3421 in
1201 3349 1406 3443 posteriore
1427 3371 1543 3423 mem·

352 3475 440 3567 bro,
461 3475 560 3570 quod
582 3475 629 3546 ad
647 3473 736 3557 τοὺς
748 3467 868 3558 ἧσσον
881 3471 1181 3560 κινδυνεύοντας
1194 3478 1376 3571 pertinet,
1391 3477 1541 3551 demon-

353 3605 459 3676 stret.
493 3603 545 3676 At
579 3602 649 3675 tali
682 3601 943 3696 explicationi,
978 3626 1092 3697 quam
1126 3605 1235 3678 unice
1266 3605 1408 3677 iustam
1443 3627 1542 3692 esse,
1582 3599 1585 3607 ’

355 3731 448 3804 mihi
480 3754 595 3826 quam
628 3728 954 3825 persuasissimum
984 3729 1126 3820 habeo,
1161 3732 1242 3826 ipsa
1263 3723 1406 3806 tradita
1430 3733 1541 3808 lectio

353 3860 517 3932 maxime
550 3859 674 3932 officit.
707 3857 761 3930 Ex
787 3857 962 3930 omnibus
987 3859 1117 3930 autem
1143 3859 1421 3950 conaminibus,
1446 3881 1543 3954 quae

352 3990 425 4064 viri
449 3988 550 4063 docti
575 3988 623 4059 ad
647 3986 909 4060 difficultatem
934 3985 1140 4060 tollendam
1167 3989 1428 4082 protulerunt,
1450 3988 1543 4061 nihil

352 4119 445 4190 mihi
479 4116 599 4212 magis
628 4116 771 4211 placet,
796 4136 912 4208 quam
938 4114 1038 4208 quod
1065 4115 1255 4190 Bekkerus
1280 4141 1347 4211 pro
1372 4117 1542 4191 codicum

353 4249 551 4344 προθυμία
582 4242 775 4332 restituit,
800 4242 876 4314 scil.
903 4245 1113 4339 προμηθία.
1147 4244 1251 4318 Haec
1277 4244 1377 4317 enim
1402 4246 1543 4320 coniec-

353 4377 441 4447 tura
466 4379 506 4448 et
531 4374 674 4469 optime
699 4372 739 4443 in
765 4393 846 4444 rem
870 4373 1033 4467 quadrat
1052 4376 1090 4445 et
1114 4373 1215 4446 facili
1236 4375 1425 4470 negotioe
1447 4377 1542 4450 codi-

353 4522 439 4576 cum
465 4502 651 4596 soriptura
675 4500 836 4576 elicitur.
858 4499 960 4586 Quae
980 4523 1067 4574 cum
1087 4500 1143 4572 ita
1163 4501 1259 4593 sint,
1272 4503 1349 4576 iarn
1363 4506 1543 4577 corruunt
