3424 5320
752 483 796 556 95

179 669 471 758 ἀποκτείναντες
496 677 584 748 cett.
610 672 716 747 Adde
739 675 812 747 hue
833 677 1001 747 nostram
1028 673 1307 769 paragraphum
1328 675 1367 744 et

178 798 290 872 habes
316 802 392 874 tres
416 801 537 889 locos,
563 802 629 874 ubi
655 825 793 876 nomen
814 827 837 874 a
858 803 1002 876 tradita
1023 803 1193 877 codicum
1205 803 1366 875 lectione

177 921 410 1004 sollemniter
433 932 638 1025 repetitum
664 956 687 1004 a
712 935 863 1006 nostrae
887 933 1024 1006 aetatis
1050 932 1140 1006 viris
1165 931 1284 1004 doctis
1306 931 1367 1002 de-

177 1057 287 1130 letur.
315 1057 401 1132 Seio·
422 1081 555 1132 verum
582 1081 680 1150 esse,
705 1059 804 1153 quod
830 1057 1102 1132 Herwerdenus
1128 1058 1265 1131 Mnem.
1300 1056 1366 1129 IX.

177 1205 263 1279 pag
301 1184 370 1257 203
403 1186 449 1260 de
482 1188 627 1281 priore,
660 1187 760 1281 quod
786 1187 922 1272 citavi,
950 1187 1120 1281 exemplo
1145 1186 1365 1281 protulerit,

177 1311 253 1384 scil.
281 1313 395 1407 stipes
421 1314 472 1387 sit
497 1337 645 1388 necesse
670 1338 768 1405 esse,
794 1315 859 1409 qui
881 1315 927 1387 de
948 1315 1044 1388 alius
1065 1337 1182 1408 quam
1196 1311 1367 1386 Philonei

177 1462 305 1513 amore
330 1442 390 1514 hie
415 1443 581 1538 cogitare
606 1443 735 1537 possit.
760 1441 830 1514 Sed
853 1443 899 1515 ob
923 1442 994 1516 hoc
1014 1442 1138 1536 ipsum
1160 1464 1237 1514 non
1259 1441 1369 1514 facile

175 1570 306 1661 putem
331 1591 560 1663 quemquam
586 1569 624 1641 id
651 1571 886 1644 adiecturum
913 1568 1038 1643 fuisse.
1066 1569 1172 1654 Quod
1198 1568 1246 1640 ad
1273 1568 1317 1640 V.
1345 1569 1366 1658 ἓ

174 1691 238 1782 68,
260 1696 438 1783 concedo,
461 1697 624 1770 alterum
642 1720 780 1771 nomen
804 1698 1012 1791 Ἐφιάλτην
1032 1698 1198 1792 potuisse
1210 1696 1364 1790 quidem

172 1820 366 1895 immerito
401 1823 506 1914 addi,
541 1826 605 1898 sed
638 1825 694 1898 ita
719 1825 987 1899 tantummodo
1011 1823 1222 1910 immerite,
1249 1825 1295 1894 ut
1319 1822 1362 1894 11-

172 1947 340 2041 brarius,
374 1951 435 2024 cui
467 1953 579 2025 modo
614 1953 754 2048 scripta
787 1953 905 2026 etiam
939 1952 1122 2025 memoria
1147 1949 1363 2038 haererent,

172 2099 239 2169 per
273 2099 437 2151 errorem
470 2079 727 2174 adscripserit,
753 2080 926 2174 quamvis
952 2101 999 2151 ne
1025 2078 1079 2150 ibi
1103 2076 1255 2170 quidem
1281 2097 1363 2150 con-

172 2202 379 2295 tenderim,
405 2228 542 2280 nomen
568 2208 697 2280 abesse
718 2207 871 2296 debere,
892 2228 978 2279 cum
1000 2206 1134 2279 verba:
1157 2213 1199 2277 οἱ
1210 2201 1361 2296 Ἐφιάλ-

172 2358 242 2420 την
266 2332 560 2421 ἀποκτείναντες
585 2337 626 2409 111
650 2359 766 2408 unam
790 2334 897 2429 quasi
923 2334 1132 2408 coaluerint
1157 2333 1362 2407 notionem.

173 2458 347 2533 conferas
374 2463 489 2536 etiam
515 2463 559 2537 V.
586 2463 685 2555 556:
713 2460 901 2552 ἐπειδὴδὲ
928 2461 1155 2560 ἀνεγνώσθη
1183 2463 1227 2535 τὸ
1240 2488 1361 2559 γραμ-

169 2587 375 2680 ματείδιον
408 2593 478 2666 καί
502 2594 524 2666 ὁ
546 2595 699 2691 ὕστερος
723 2595 1043 2688 βασανιζόμενος
1068 2595 1113 2666 ον’
1140 2600 1360 2687 συνεφέρετο

171 2726 222 2810 τῷ
246 2721 554 2821 γραμματειδίῳ,
580 2726 707 2798 odedu
732 2720 819 2799 οἶόν
846 2715 926 2813 τ’ἧν
959 2723 1158 2815 ἀφανίσαι
1187 2719 1237 2792 τά
1265 2720 1360 2792 ἀνα-

171 2854 410 2943 γνωσθέντα,
439 2852 539 2924 unde
563 2874 701 2925 nomen
727 2861 779 2947 τῷ
804 2848 1101 2949 γραμματειδιῳ
1126 2850 1272 2922 abicere
1285 2871 1361 2921 non

172 2974 304 3047 ausim.
333 2976 454 3049 Simili
474 2979 586 3051 modo
613 3000 651 3051 se
677 2979 793 3051 habet
818 2979 881 3051 Vl.
908 2978 1002 3071 544.

220 3101 405 3196 Equidem
437 3105 490 3179 sic
523 3107 649 3200 potius
683 3107 900 3180 statuerim:
934 3105 1068 3178 multis
1093 3103 1245 3199 quidem
1270 3101 1359 3175 locis

172 3225 419 3324 Antiphontis
463 3233 651 3333 orationes
689 3235 913 3329 depravatas
952 3256 1031 3306 esse
1069 3230 1358 3320 additamentis,

170 3377 267 3448 quae
300 3359 377 3433 sive
402 3383 422 3434 e
448 3361 588 3435 vicinia
612 3361 854 3456 irrepserint,
880 3362 959 3435 sive
984 3386 1008 3434 a
1035 3359 1255 3456 magistellis
1282 3359 1360 3431 sint

170 3485 361 3578 apposita3
396 3487 444 3559 ab
469 3488 527 3562 his
553 3512 641 3564 vero
664 3490 863 3585 diligenter
887 3490 1145 3563 discernendas
1172 3509 1251 3561 esse
1277 3509 1361 3576 eas,

170 3633 267 3704 quae
288 3613 479 3688 abundare
500 3617 718 3707 videantur,
735 3618 998 3713 repetitiones,
1020 3618 1057 3688 in
1072 3617 1208 3711 quibus
1221 3636 1360 3688 nomen

170 3765 273 3816 more
303 3745 475 3833 vetusto,
509 3744 784 3838 quodammodo
809 3745 1042 3818 sollemniter
1067 3745 1271 3838 repetitum
1297 3744 1358 3815 sit.

169 3871 386 3966 Utcumque
419 3875 550 3945 autem
582 3895 641 3945 res
675 3895 714 3946 se
750 3873 882 3958 habet,
917 3895 1008 3944 narn
1033 3872 1078 3946 de
1103 3873 1244 3945 talibus
1269 3870 1359 3966 quid

169 3999 327 4092 quisque
352 4000 493 4073 sentiat
519 4021 644 4072 secum
666 4000 745 4095 ipse
768 4003 938 4095 reputet,
961 4001 1132 4094 equidem
1146 4023 1221 4073 non
1236 4000 1358 4090 crede,

169 4127 262 4198 satis
294 4147 426 4200 causae
452 4150 549 4218 esse,
575 4130 621 4200 ut
645 4127 856 4201 Hartmano
883 4150 928 4201 ea
953 4128 1066 4201 verba
1091 4128 1231 4201 delenti
1256 4128 1359 4201 obse·

168 4276 340 4347 quamur.
377 4252 475 4327 Satis
509 4255 626 4350 igitur
660 4256 799 4345 habeo,
825 4256 948 4329 deleto
975 4255 1134 4328 articulo
1158 4266 1243 4345 τῆς,
1269 4259 1359 4328 ante

167 4383 340 4455 Λοκίνοα
377 4382 517 4454 iniuria
553 4383 704 4473 addit0,
739 4369 903 4457 retinere
936 4384 1104 4457 codicum
1137 4385 1358 4476 lectionem,

168 4510 260 4581 dum
292 4510 339 4582 de
357 4510 445 4599 illa,
470 4533 587 4603 quam
615 4514 660 4583 ut
685 4511 763 4583 acri
789 4511 991 4605 indagetur
1017 4511 1161 4601 studio,
1188 4512 1358 4607 dignissi-
