3366 5324
891 423 937 496 22

315 618 419 690 sator
443 613 477 687 ei
499 613 648 687 crimini
674 613 847 703 dederat,
875 616 944 686 aui
966 613 1119 687 omnino
1132 616 1264 687 contra
1277 636 1366 688 eum
1379 615 1512 708 protu-

315 745 432 833 lerat,
458 742 601 816 diluere
627 742 775 827 studet,
802 743 873 816 hac
898 743 1068 837 pericope
1089 741 1426 816 demonstrandum
1439 741 1513 813 sibi

317 872 454 960 sumit,
477 871 575 944 servi
601 893 679 944 esse
703 871 964 944 testimonium
991 870 1043 943 eis
1068 870 1393 965 posbponendum‚
1419 891 1513 963 quo-

317 1021 403 1072 rum
441 1001 574 1072 auctor
611 1001 707 1071 esset
740 999 852 1071 homo
886 998 1081 1092 ingenuus.
1118 995 1262 1086 Verba,
1297 997 1434 1090 quibus
1464 995 1515 1068 ad

317 1125 414 1198 hanc
447 1147 526 1198 rem
557 1147 645 1198 eum
670 1148 781 1197 usum
807 1147 885 1197 esse
911 1123 1054 1197 codices
1079 1123 1257 1213 tradunt,
1284 1127 1374 1196 suni
1399 1124 1512 1197 haec:

317 1262 384 1327 τοῦ
410 1250 453 1327 δὲ
479 1256 714 1350 θεράποντος
739 1261 819 1336 πῶς
843 1256 919 1349 χρὴ
945 1256 1174 1348 πιστοτέραν
1198 1255 1266 1340 τὴν
1288 1252 1515 1347 μαρτυρίαν

318 1387 442 1471 ἢτῶν
476 1383 680 1480 ἐλευθέρων
709 1386 909 1479 cycladum
945 1390 987 1453 οἱ
1015 1381 1090 1472 μὲν
1113 1381 1188 1478 γάρ
1215 1379 1459 1473 άτιμουνταί
1475 1409 1516 1454 τε

318 1511 386 1584 καί
404 1517 583 1608 χρήμασι
605 1515 846 1601 ζημιουνται,
861 1511 930 1582 ἐάν
941 1513 994 1601 μὴ
1007 1509 1151 1599 τάληθῆ
1164 1506 1309 1584 δοκῶσι
1321 1523 1515 1607 μαρτυρῆ-

320 1664 406 1714 σαι·
427 1641 448 1713 ὁ
470 1639 511 1714 δὲ
537 1639 607 1714 ουίι
628 1641 781 1737 ἔλεγχον
794 1641 1007 1737 παρασχὼν
1019 1636 1107 1712 ccidi
1119 1639 1303 1731 βάσανον
1315 1649 1384 1714 που
1399 1636 1514 1728 δίκην

320 1766 452 1856 ciuicam
476 1773 498 1858 ἦ
522 1771 585 1852 τίς
606 1767 760 1865 ἐλεγχος
785 1769 914 1856 ἔσται;
941 1764 1160 1851 άκινὸάνως
1182 1765 1222 1839 δὲ
1241 1769 1393 1856 μέλλων
1416 1796 1514 1864 μαρ-

319 1908 446 1992 τυρεῖν
477 1920 512 1991 q.
548 1919 577 1968 s,
612 1894 922 1969 Commemoratis
959 1893 1077 1988 igitur
1112 1895 1260 1988 poeniS,
1298 1919 1396 1990 quae
1434 1897 1516 1971 viro

257 2005 262 2016 ’
319 2025 500 2118 ingenuo,
527 2024 558 2096 si
583 2023 722 2095 falsum
745 2022 972 2096 exhibuisset
994 2022 1274 2112 testimonium,
1298 2025 1516 2097 subeundae

320 2154 464 2240 esseni,
486 2150 627 2224 oratori
649 2149 921 2223 ostendendum
935 2149 1123 2238 est‚bales
1136 2170 1363 2242 poenaenon
1377 2153 1516 2226 bimen-

321 2278 387 2349 das
418 2278 532 2350 fuisse
565 2299 682 2350 servo.
707 2275 833 2350 'Palem
861 2276 963 2350 enim
989 2275 1263 2371 oppositionem
1288 2278 1389 2352 inter
1416 2281 1514 2372 duc,

321 2405 367 2476 de
399 2404 533 2499 quibus
558 2404 769 2497 loquimur,
794 2403 964 2475 membra
988 2402 1115 2490 adesse
1141 2403 1294 2494 debere,
1320 2407 1397 2479 iam
1425 2410 1515 2481 affa-

321 2533 393 2605 um
418 2533 560 2606 indicat
587 2533 781 2626 utriusque
806 2533 878 2605 coli
902 2533 1074 2605 initium:
1101 2543 1144 2608 οἱ
1165 2539 1241 2626 μέν
1266 2539 1306 2609 ei
1331 2538 1353 2610 ὁ
1375 2534 1430 2613 δέ.
1456 2538 1515 2611 Ab

321 2661 391 2734 hac
413 2664 542 2734 auiam
564 2659 774 2754 explicandi
796 2661 942 2733 ratione
962 2661 1163 2734 abhorrere
1183 2664 1353 2737 videmus
1376 2666 1511 2756 verba,

320 2812 417 2886 quae
442 2789 584 2863 tradita
610 2788 778 2862 codicum
803 2788 915 2861 lectio
941 2810 1004 2862 reo
1030 2790 1218 2864 attribuit.
1246 2791 1347 2864 Nam
1371 2793 1411 2864 in
1434 2817 1515 2867 ver·

321 2919 396 2990 bis:
432 2927 502 2992 ποῦ
538 2916 610 3010 (Nt
637 2946 674 2988 τι
701 2917 755 2991 ου.
785 2915 865 2990 rell.
893 2917 952 3009 ου)
978 2914 1090 3006 δίκην
1114 2915 1247 3010 δώσει,
1272 2918 1395 2993 forma
1419 2923 1515 2994 iem·

321 3047 421 3140 poris
454 3046 591 3119 futuri:
624 3044 739 3120 δώσει
772 3068 848 3119 non
881 3047 981 3118 recte
1016 3069 1055 3118 se
1085 3046 1270 3120 habaida
1297 3049 1516 3142 serv0,qui

322 3177 483 3247 mortem
508 3175 585 3246 iam
611 3174 725 3265 obiit,
751 3176 795 3245 ut
820 3172 1030 3266 colligimus
1057 3196 1102 3246 ex
1127 3174 1270 3266 τιμε
1297 3176 1343 3248 ου’
1369 3176 1444 3273 γάρ
1464 3176 1516 3251 ἂν

322 3302 394 3374 συν
427 3308 479 3398 τῷ
512 3301 710 3398 ἀκολούθῳ
734 3299 951 3396 διέφθειρεν
981 3303 1113 3376 αυτόν.
1140 3302 1216 3395 59:
1244 3305 1414 3394 ἔμπνους
1440 3305 1515 3403 γάρ

202 3501 203 3504 ,
323 3431 382 3501 ἔτι
417 3429 561 3525 άρθείς.
588 3457 623 3527 y.
651 3430 734 3522 52:
771 3439 813 3503 οἱ
847 3429 1141 3514 ἀποκτείναντες
1173 3434 1332 3522 αὐτούς,
1368 3434 1439 3508 τόν
1476 3462 1516 3532 γε

324 3558 539 3654 θεράποντα
572 3561 629 3632 ἔτι
661 3560 837 3658 ἔμφρονα
859 3561 1042 3656 εὑρόντος.
1064 3564 1138 3634 εἴτε
1158 3560 1264 3634 ἄλλοι
1287 3559 1516 3659 διέφθειραν

322 3689 472 3773 ου’τοάς,
509 3688 593 3781 άμα
630 3701 682 3786 τῷ
715 3691 856 3765 τούτων
888 3693 1005 3786 φόνῳ.
1032 3685 1067 3761 δ.
1092 3691 1113 3780 ἓ
1135 3687 1176 3760 4:
1212 3695 1301 3774 τους
1333 3689 1513 3783 διαφθεί-

322 3844 471 3916 ροντας
505 3820 652 3904 αυτούς.
689 3822 710 3911 ἓ
738 3819 778 3890 5:
812 3830 961 3914 νυιροῐς
994 3817 1229 3914 ἀσπαίρουσι
1256 3823 1514 3914 συντυχόντα.

322 3956 364 4020 οἱ
384 3944 460 4041 μὲν
482 3947 543 4020 ἐπὶ
566 3959 651 4030 τοῖς
678 3946 852 4038 ἱματίοις
878 3944 1179 4043 διαφθείραντος
1204 3948 1354 4031 αὐτούς.
1383 3948 1515 4025 Dicen-

321 4075 412 4147 dum
436 4075 564 4170 potius
588 4079 669 4150 erat
681 4130 691 4165 ‚
717 4097 803 4148 eum
831 4079 915 4148 ium
936 4076 1138 4169 temporiS,
1161 4097 1248 4148 cum
1270 4077 1516 4170 caedebatur,

322 4224 459 4296 poenas
483 4225 559 4276 non
584 4202 762 4276 daturum
789 4203 903 4276 fuisse
929 4226 996 4297 pro
1023 4202 1129 4292 falso,
1154 4203 1185 4275 si
1212 4204 1384 4296 dixisset,
1409 4207 1517 4280 besbi-

324 4329 461 4402 monio.
484 4329 544 4401 Ad
565 4330 661 4404 hanc
683 4331 943 4404 difficultatem
966 4330 1083 4404 etiam
1102 4331 1265 4417 accedit,
1279 4333 1379 4426 quod
1392 4334 1516 4429 lectio,

323 4479 437 4553 quam
471 4445 651 4549 editiones
676 4460 877 4555 praebent,
903 4459 997 4532 duas
1023 4457 1191 4532 continet
1212 4457 1353 4534 Reiskii
1376 4464 1515 4538 coniec-
