3424 5320
737 489 784 563 59

178 681 342 766 ξαντος,
369 677 455 772 post
478 699 575 771 quae
597 676 739 773 aliquid
760 682 806 753 ut
826 680 916 754 πολύ
936 680 999 754 vel
1020 680 1079 753 ἔτι
1097 677 1370 765 desideramus,

178 801 293 902 paulo
327 805 454 878 durior
487 805 557 894 sit,
591 810 630 878 et
663 806 747 899 ipsa
780 806 1023 902 transpositio
1048 830 1135 881 cum
1159 807 1373 880 coniectura

178 955 256 1006 non
288 932 345 1005 ita
374 932 450 1006 levi
475 933 696 1024 coniuncta,
720 934 803 1008 iure
828 934 1096 1008 nonneminem
1120 934 1373 1007 haesitantem

179 1061 334 1135 reddere
371 1061 500 1154 possit.
539 1060 722 1155 Equidem
756 1062 940 1157 suspicor,
974 1063 1060 1156 post
1092 1083 1223 1136 vocem
1253 1063 1372 1158 ἰατρῷ

180 1189 438 1285 aposiopeseos
475 1188 580 1284 signo
619 1188 760 1284 posito,
800 1189 1042 1283 sublataque
1062 1190 1151 1263 ante
1191 1191 1213 1262 ὁ
1250 1189 1373 1285 ἄρξας

179 1316 505 1412 interpunctione,
542 1317 657 1391 verba
694 1316 834 1409 φονεὺς
871 1319 1045 1414 γίγνεται
1077 1316 1223 1390 uncinis
1254 1317 1373 1390 inolu-

180 1445 302 1519 denda
337 1465 428 1517 esse.
468 1444 660 1517 Librarius
698 1445 873 1539 quidam,
906 1445 972 1540 qui
1005 1443 1237 1540 aposiopesin
1265 1444 1374 1516 illam

181 1595 315 1669 parum
352 1570 576 1666 perspiciens
610 1571 820 1646 orationem
855 1593 1008 1667 pergere
1041 1571 1214 1666 putavit,
1239 1573 1374 1666 poste

181 1701 303 1798 ἄρξας
328 1712 395 1790 τῆς
420 1697 561 1797 πληγῆς
586 1699 765 1793 repetivit
791 1699 885 1772 illud
912 1701 1048 1791 φονεύς
1075 1701 1202 1789 ἐστιν,
1225 1721 1374 1773 nevero

181 1829 295 1901 nimis
328 1827 479 1922 ingrata
503 1827 678 1901 evaderet
703 1827 898 1921 repetitio,
924 1828 1129 1922 proverbe
1155 1827 1263 1901 ἐστιν
1288 1827 1374 1900 sub·

183 1956 313 2030 stituit
344 1958 530 2056 γίγνεται.
566 1953 616 2026 Et
645 1954 745 2047 quod
770 1953 818 2025 ad
838 1955 960 2048 ipsam
985 1954 1091 2026 illam
1119 1954 1374 2049 aposiopeseos

180 2084 359 2179 figuram,
384 2105 448 2173 ea,
474 2083 506 2154 si
531 2104 605 2175 quo
632 2081 743 2171 alibi,
768 2081 839 2155 hoo
864 2082 946 2155 loco
972 2083 1073 2155 reete
1095 2103 1134 2154 se
1154 2081 1289 2172 habet,
1308 2082 1375 2155 ubi

181 2211 314 2299 efficit,
352 2213 399 2284 ut
435 2211 644 2298 oratorem,
682 2208 748 2303 qui
786 2208 953 2282 amicum
990 2230 1101 2281 suum
1133 2209 1373 2282 innocentem

180 2339 310 2435 fingit,
350 2338 458 2433 quasi
491 2337 708 2410 horrentem
740 2335 934 2409 videamus
970 2336 1108 2444 eloqui·
1125 2335 1236 2410 triste
1260 2335 1374 2428 illud,

181 2467 354 2562 quodque
382 2464 518 2540 evitari
543 2464 690 2537 solebat
710 2465 950 2538 vocabulum.
973 2463 1023 2537 Et
1043 2486 1146 2554 eece,
1161 2465 1261 2538 olaro
1274 2486 1376 2538 nunc

180 2596 359 2688 apparet,
398 2593 497 2666 unde
532 2592 671 2667 vitium
707 2592 938 2666 contraxerit
971 2592 1185 2667 infinitivus
1212 2593 1375 2688 ἐπιτριᾳι

182 2727 323 2812 θῆναι,
354 2743 421 2817 pro
447 2743 522 2815 quo
548 2719 720 2793 Reiskius
746 2719 822 2792 iam
848 2719 1018 2793 restituit
1043 2719 1102 2806 id,
1128 2720 1228 2814 qnod
1252 2720 1375 2794 solum

180 2849 271 2924 ferri
298 2849 443 2943 potest,
472 2849 683 2944 ἐπιτρέψαι.
711 2846 818 2920 Idem
842 2845 964 2938 enim,
988 2846 1055 2940 qui
1079 2846 1226 2940 reliqua
1250 2869 1375 2920 eorru-

182 2977 241 3072 pit
278 2975 435 3065 sciolus,
473 2975 660 3064 nesciam,
697 2974 872 3069 quisnam
909 2975 1008 3047 esset
1041 2975 1062 3047 ὁ
1095 2974 1271 3062 πατάξας
1307 2977 1376 3049 καὶ

181 3107 446 3198 βιασάμενος,
472 3125 597 3176 seeum
622 3102 834 3198 reputavit,
860 3103 930 3176 τὸν
950 3101 1231 3176 ἀποκτείναντα
1243 3102 1376 3197 utique

182 3255 260 3307 esse
283 3232 462 3306 iuvenem
487 3232 728 3317 accusatum,
754 3230 810 3303 ita
832 3234 877 3305 nt
905 3232 926 3305 ὁ
957 3232 1155 3322 πατάξας,
1173 3233 1216 3317 ὃς
1227 3231 1375 3320 μᾶλλον

182 3366 249 3434 τοῦ
274 3358 574 3443 ἀποκτείναντος
599 3360 734 3452 φονεύς
760 3360 889 3448 ἐστιν,
916 3382 1027 3435 nemo
1053 3382 1131 3434 esse
1157 3362 1281 3455 posset
1301 3358 1375 3432 nisi

183 3510 315 3577 senex,
341 3510 468 3562 senem
493 3491 623 3563 autem
649 3489 810 3583 coegisse
834 3487 974 3561 amicos
996 3511 1101 3578 suos,
1122 3511 1198 3562 non
1212 3488 1375 3561 alterum

183 3616 370 3711 quendam
404 3615 572 3706 tradere,
608 3616 673 3689 sed
703 3619 749 3689 ut
781 3616 860 3710 ipse
894 3616 1108 3690 traderetur
1132 3616 1287 3691 medico.
1314 3615 1377 3689 Ita

183 3767 250 3839 pro
286 3743 401 3834 falsa,
439 3766 515 3838 qua
551 3742 748 3817 nitebatur
785 3744 886 3834 basi,
926 3743 961 3817 ei
995 3767 1089 3838 opus
1119 3747 1202 3817 erat
1226 3746 1375 3818 mutato

184 3872 298 3946 verbo
324 3873 523 3969 ἐπιτρέψαι
550 3871 900 3966 inarrassemus.
923 3869 1376 3945 Hocmodomihivideor

184 3998 286 4071 iusta
323 3999 536 4072 mutatione
574 4000 614 4071 et
645 3997 772 4072 locum
798 3998 999 4073 correxisse
1026 4001 1066 4072 et
1093 3999 1165 4072 loci
1191 4019 1376 4071 conexum

185 4126 331 4199 affatim
368 4128 645 4213 corroborasse3
692 4125 822 4221 itaque
860 4126 1013 4201 mittere
1049 4126 1180 4202 lieebit
1217 4124 1377 4220 Kayseri

185 4253 438 4328 coniecturam
467 4254 547 4348 (qui
573 4255 631 4328 vir
656 4253 893 4328 doctissimus
918 4256 1067 4349 praeter
1088 4276 1152 4343 ea,
1173 4253 1219 4326 de
1241 4253 1377 4347 quibus
1490 4299 1493 4306 -

186 4380 263 4453 iam
296 4380 591 4475 disputavimus,
625 4381 741 4457 etiam
776 4388 955 4478 χρῆσθαι
988 4383 1056 4455 aut
1089 4381 1379 4475 συμβουλεῦσαι

186 4511 271 4603 post
295 4507 539 4604 βιασάμενος
560 4508 771 4585 addendum
795 4510 1016 4605 proposuit),
1036 4531 1157 4605 neque
1169 4510 1376 4605 requiritur
