3366 5324
911 493 958 566 42

332 687 509 782 praebetl
524 685 706 781 Equidem
721 687 877 775 saltem,
891 689 936 759 ut
947 687 1004 758 ita
1015 686 1196 762 faciamus
1208 742 1217 777 ,
1230 710 1346 781 quam
1360 687 1526 762 maxime

332 815 480 890 suadeo,

379 944 432 1014 At
464 943 585 1016 altera
619 943 736 1016 etiam
761 965 863 1015 nunc
889 944 1010 1016 restat
1034 942 1254 1033 difficultaa
1283 965 1380 1036 quae
1404 943 1525 1039 impe·

329 1071 405 1159 dit,
430 1071 631 1165 quominus
656 1074 784 1144 totum
809 1071 1007 1165 prologum
1034 1072 1136 1144 recte
1160 1071 1378 1166 intellegere
1404 1072 1521 1166 possi·

330 1222 423 1271 mus.
463 1198 585 1272 Verba
617 1199 738 1288 enim,
770 1221 866 1292 quae
899 1221 985 1271 reus
1010 1220 1168 1293 pergens
1194 1199 1348 1272 subicit:
1377 1201 1420 1272 ἐκ
1445 1207 1524 1274 τῶν

328 1328 541 1424 λεγομένων
573 1328 648 1425 γάρ
680 1333 702 1417 ἡ
734 1325 894 1417 ἀλήθεια
931 1333 1092 1400 ouantia
1119 1329 1247 1400 αὐτῶν
1274 1329 1401 1416 ἐστίν,
1426 1328 1523 1400 nihil

329 1455 370 1526 in
408 1455 716 1550 praecedentibus
749 1455 911 1544 habent,
946 1479 1020 1550 quo
1055 1455 1186 1528 referri
1219 1457 1386 1550 possint,
1420 1458 1524 1552 quod

330 1585 461 1655 tamen
487 1605 579 1677 opus
604 1605 682 1656 esse
703 1583 795 1654 satis
818 1605 1002 1678 superque
1020 1583 1164 1656 indicat
1185 1583 1314 1656 addita
1335 1584 1524 1679 particula

332 1711 416 1809 γάρ.
442 1710 564 1797 Quare
588 1709 833 1782 statuendum
852 1710 980 1800 credo,
1002 1713 1070 1783 aut
1089 1716 1187 1805 part.
1210 1717 1284 1809 γάρ
1305 1714 1522 1806 corruptam

332 1840 484 1933 eiusque
509 1839 590 1911 loco
616 1837 890 1909 restituendam
916 1859 1014 1927 esse,
1037 1855 1198 1932 quacum
1213 1839 1352 1912 totiens
1366 1837 1523 1911 confusa

331 1971 408 2057 est,
441 1965 667 2062 particulam
702 1963 762 2053 δέ,
799 1969 868 2038 aut
892 1967 1025 2040 verba:
1054 1968 1199 2039 ἐκτῶν
1223 1967 1295 2064 loy.
1322 2010 1367 2018 -
1395 1967 1523 2056 ἐστίν,

331 2117 427 2190 quae
459 2095 566 2188 quasi
600 2093 857 2188 parenthetica
891 2093 1021 2166 addita
1046 2096 1156 2182 sunt,
1183 2094 1269 2166 hinc
1295 2094 1523 2168 removenda

331 2226 371 2296 et
404 2223 549 2317 aptiore
583 2223 663 2295 loco
698 2221 894 2294 inserenda
928 2244 1018 2294 esse.
1054 2221 1125 2311 Iis,
1160 2221 1226 2316 qui
1251 2243 1396 2294 mecum
1423 2221 1523 2295 hanc

330 2351 492 2422 alteram
516 2349 619 2423 viam
644 2350 789 2443 ingredi
815 2351 973 2438 malint,
999 2353 1132 2423 auctor
1152 2350 1244 2438 sim,
1265 2351 1311 2420 ut
1330 2348 1388 2419 his
1401 2350 1524 2423 verbis

330 2477 455 2550 locum
481 2476 521 2547 in
547 2476 788 2570 sequentibus
814 2477 1028 2550 attribuant
1054 2479 1156 2572 post:
1185 2474 1306 2550 ἄδικα
1330 2472 1453 2564 εἶναι,
1466 2477 1524 2548 ita

331 2606 377 2676 ut
408 2603 454 2675 iis
486 2605 584 2678 ratio
610 2603 809 2693 reddatur,
836 2627 903 2676 cur
928 2627 1012 2678 reus
1039 2605 1174 2678 dixerit
1203 2605 1276 2703 ἐγὼ
1301 2602 1360 2692 δέ,
1390 2603 1428 2678 εἰ
1447 2610 1522 2695 μέν

330 2760 367 2802 τι
391 2730 529 2824 ψεῦδος
551 2737 692 2829 εἴρηκα,
718 2733 892 2830 ὁμολογῶ
915 2735 984 2806 καὶ
1002 2735 1051 2807 τά
1069 2735 1197 2831 ὀρθῶς
1216 2735 1395 2831 εἰρημένα
1410 2760 1523 2831 προσ-

269 2872 270 2875 ’
329 2859 558 2954 διαβάλλειν
596 2859 718 2934 ἄδικα
761 2858 883 2950 rivum
927 2863 1027 2957 quia,
1058 2863 1238 2935 nimirum
1273 2862 1413 2936 iudices
1453 2866 1522 2952 τὴν

330 2990 518 3080 ἀλήθειαν
553 3000 618 3064 τοῦ
651 2992 872 3088 πράγματος
905 2992 1058 3062 tantum
1094 2989 1268 3084 colligere
1294 2999 1450 3084 possunt
1475 3013 1521 3064 ex

330 3121 412 3214 ipsa
444 3120 498 3192 rei
525 3119 751 3193 narratione.
779 3118 879 3192 Nam
905 3116 1151 3212 Participium
1176 3118 1388 3215 λεγομένων
1411 3120 1524 3192 tanta

331 3270 418 3320 cum
444 3246 613 3340 emphasi
637 3246 677 3317 in
699 3247 808 3320 initio
830 3247 996 3340 positum
1008 3249 1084 3335 est,
1098 3248 1143 3318 ut
1156 3244 1345 3340 ipsa,qua
1357 3245 1523 3337 effertur,

331 3373 370 3446 vi
382 3373 622 3444 nanciscatur
635 3373 829 3444 notionem
843 3372 1063 3446 verborum:
1078 3373 1205 3446 αὑτῶν
1219 3380 1293 3447 τῶν
1307 3373 1523 3471 λεγομένων

330 3498 354 3570 i.
370 3521 401 3571 e.
428 3520 473 3570 ex
498 3497 608 3592 ipsis,
635 3498 771 3592 quibus
796 3521 854 3571 res
880 3504 1059 3572 narratur
1085 3501 1218 3575 verbis.

380 3624 554 3698 Ceterum
581 3624 693 3696 nimis
719 3624 953 3698 abundantia
977 3629 1017 3699 et
1041 3627 1153 3721 plane
1179 3629 1431 3702 intolerabilia
1455 3628 1524 3701 illa

330 3750 450 3826 ἄδικα
471 3749 603 3843 εἶναι,
629 3776 697 3848 ego
722 3754 986 3848 interpolatori
1012 3755 1140 3849 potius
1166 3757 1353 3830 reddenda
1378 3759 1522 3851 putem,

329 3904 444 3977 quam
470 3905 556 3972 cum
581 3882 838 3971 Bohlmanno,
863 3881 928 3976 qui
949 3905 994 3955 ea
1014 3884 1040 3954 1.
1063 3881 1086 3956 l.
1109 3907 1193 3978 pag.
1221 3883 1263 3960 17
1287 3907 1362 3979 seq.
1376 3885 1415 3956 in
1429 3883 1523 3970 ἄξια

328 4007 434 4084 εἶναι
461 4009 693 4083 emendanda
718 4000 914 4105 proponit,
937 4014 1113 4107 corrupte
1134 4012 1277 4085 tradita
1299 4015 1524 4086 existimem.

330 4138 383 4210 At
408 4159 509 4226 ecce,
536 4159 623 4209 oum
648 4136 740 4210 haec
766 4137 843 4208 iam
869 4137 1033 4226 absolvi,
1055 4138 1148 4211 mihi
1169 4139 1209 4222 in
1231 4144 1398 4214 mentem
1418 4141 1525 4214 venit

331 4266 562 4353 coniectura,
597 4263 919 4338 Bohlmannianae
952 4267 1054 4338 illius
1080 4265 1181 4337 haud
1206 4270 1287 4339 tam
1313 4267 1526 4358 dissimilis,

332 4393 418 4465 scil:
458 4390 763 4470 <1>aouxa<2d>
801 4388 925 4482 εἶναι,
958 4394 982 4465 i.
999 4415 1038 4465 e.
1072 4392 1130 4464 sin
1164 4397 1295 4468 autem
1329 4394 1527 4468 mendacia

330 4521 545 4614 protulero,
572 4520 769 4615 profiteor,
796 4520 888 4594 haec
913 4521 994 4616 ipsa
1015 4524 1106 4615 apta
1127 4543 1225 4614 esse,
1240 4524 1285 4594 ut
1298 4544 1342 4596 ea
1355 4545 1524 4618 quoque,
