3424 5320
771 471 817 543 85

199 661 301 735 aliud
328 661 466 752 habm,
488 684 603 756 quam
624 663 670 733 ut
686 660 883 734 redeamus
895 660 944 732 ad
956 659 1182 755 paragraphi
1197 659 1242 732 39
1256 660 1389 734 verba:

199 793 257 865 ἔτι
277 790 319 865 δὲ
333 792 401 865 καί
415 788 504 864 τάδε
518 790 710 889 λέγουσιν,
722 791 773 874 ὡς
786 790 974 888 ὡμολόγει
986 791 1008 864 ὁ
1021 788 1223 886 ἄνθρωπος
1235 791 1391 883 βασαν-

199 927 378 1013 ιζόμενος
411 932 710 995 σοναποκτεῑναι
749 920 818 993 τὸν
853 917 998 1018 ἄνδρα;
1035 942 1109 1014 quo
1136 919 1167 991 si
1194 919 1391 992 referimus

197 1051 319 1123 nosiri
344 1048 417 1123 loci
438 1048 725 1138 verbascum
747 1048 985 1143 perspicuum
1009 1049 1087 1132 est,
1111 1069 1185 1141 quo
1211 1047 1292 1120 iure
1318 1047 1391 1119 iste

197 1200 325 1252 servus
334 1178 406 1251 dici
415 1178 531 1272 possit
540 1174 719 1261 συνειδώς
732 1199 820 1266 esse;
831 1177 1011 1248 nimirum
1021 1179 1066 1249 ui
1079 1176 1388 1261 σοναποκιείνας.

249 1305 350 1401 Opus
384 1306 501 1401 igitur
536 1328 612 1379 non
647 1308 750 1395 erat,
776 1305 955 1377 nuntium
982 1326 1109 1377 secum
1135 1307 1286 1398 portare
1314 1304 1389 1399 epi·

200 1433 361 1524 saulam,
387 1456 472 1507 oum
493 1433 570 1506 suis
595 1433 674 1527 ipse
699 1432 821 1507 verbis
845 1432 884 1503 id
910 1432 1044 1504 melius
1070 1453 1222 1504 narrare
1247 1431 1389 1525 potuis·

199 1565 276 1651 set,
312 1563 446 1654 utpote
478 1561 545 1655 qni
578 1563 677 1656 esset
703 1561 723 1634 ὁ
751 1603 783 1613 -
822 1559 1021 1653 quisnami
1048 1558 1320 1657 εἰργασμένος,
1346 1562 1391 1632 ut

198 1689 286 1761 libri
323 1687 492 1761 tradunt.
532 1685 620 1778 Sed,
657 1685 758 1781 quod
791 1685 919 1758 omnia
953 1686 1142 1779 clamans,
1176 1711 1252 1761 non
1287 1691 1389 1763 esic

198 1817 474 1914 εἰργασμένος,
502 1816 566 1890 sed
590 1819 745 1888 sanium
772 1816 793 1887 ὁ
820 1821 1205 1913 <σον>ειργασμένος

248 1945 295 2027 Si,
319 1946 417 2018 hano
451 1966 576 2017 meam
611 1942 908 2036 disputationem
933 1944 1126 2036 probabis,
1152 1947 1219 2016 aut
1245 1947 1391 2017 statues

177 2075 380 2148 'lectorem
419 2071 607 2168 quendam
645 2094 690 2144 ex
729 2069 919 2163 sequendis
953 2072 1178 2166 paragraphi
1204 2073 1390 2146 verbis:d

198 2195 273 2296 μὲν
299 2202 373 2301 γοὶρ
398 2202 718 2293 βασανιζόμενος
743 2199 861 2282 αότὸς
888 2198 958 2289 ἔφη
985 2198 1210 2274 ἀποκτεῖναι
1235 2200 1271 2273 h.
1297 2201 1323 2271 1.
1350 2201 1390 2272 111

201 2333 370 2427 margine
408 2330 660 2425 adscripsisse:
702 2331 722 2403 ὁ
761 2314 1030 2427 εἰργασμένος,
1063 2334 1132 2402 aui
1162 2329 1300 2405 vitium
1334 2329 1391 2402 ica

201 2463 328 2534 orium
362 2459 535 2554 putabis,
568 2460 615 2530 ui
639 2459 953 2552 praepositionem
981 2485 1051 2532 σον
1075 2461 1165 2532 anie
1190 2458 1390 2556 εἰργασμέ-

201 2616 268 2673 νος
306 2588 485 2661 excidisse
522 2587 669 2677 credas,
703 2586 802 2681 quod
837 2588 882 2658 ut
915 2587 1144 2659 arbitremur
1178 2609 1220 2660 eo
1246 2586 1393 2658 facilius

201 2717 438 2804 adducimur,
472 2718 672 2809 postquam
706 2736 751 2787 ex
785 2737 949 2809 papyro,
983 2714 1121 2807 inquo
1148 2716 1254 2785 extat
1280 2717 1392 2803 Ἀθη-

202 2847 325 2920 ναίων
362 2845 529 2917 πολιτεία
568 2843 803 2931 Aristotelis,
843 2842 1040 2915 didicimus
1078 2843 1393 2936 praepositionem

203 3000 275 3048 συν
301 2974 392 3047 olim
417 2971 577 3044 indicari
602 2957 769 3064 potuisse
793 2993 861 3064 per
884 2970 1041 3064 siglum:
1067 2993 1100 3046 c.
1123 2970 1175 3042 Cf.
1190 2994 1265 3044 van
1278 2972 1393 3045 Leeu·

202 3125 304 3177 wen:
339 3102 436 3175 Acta
469 3099 582 3173 Acad.
617 3099 705 3193 Reg.
742 3122 810 3172 ser.
845 3099 913 3171 III.
949 3103 1031 3172 tom
1065 3100 1099 3184 8,
1139 3099 1226 3173 fasc.
1256 3101 1276 3170 2
1307 3101 1394 3187 „het

202 3231 358 3324 onlangs
379 3228 572 3324 gevonden
586 3228 689 3302 werk
704 3249 793 3300 over
806 3228 879 3301 den
893 3226 1153 3301 Aiheenschen
1168 3227 1292 3301 siaai’'
1307 3251 1391 3323 pag.

205 3360 273 3432 158
294 3381 369 3452 seq.
393 3356 466 3431 Gur
488 3367 618 3430 autem
639 3379 660 3429 e
680 3355 820 3430 literis:
844 3339 1201 3431 odelrrncmenoc
1214 3357 1394 3430 exciderit

203 3459 237 3576 11,
259 3485 394 3558 clarius
415 3488 474 3557 est
495 3486 534 3557 ei
556 3483 735 3578 apertius
756 3506 872 3578 quam
885 3487 930 3556 ut
943 3483 1114 3578 pluribus
1126 3484 1392 3558 demonstrem.

164 3601 167 3610 ’
252 3611 324 3684 Sed
357 3610 525 3683 nondum
557 3611 649 3682 satis
674 3611 878 3684 lucramur.
905 3610 1007 3684 Nam
1031 3611 1228 3685 haeremus
1253 3611 1394 3684 iterum

202 3739 242 3810 in
280 3737 402 3812 verbis
440 3735 623 3808 laudatis:
664 3737 685 3810 ὁ
717 3735 792 3831 μὲν
826 3738 899 3836 γοὶρ
932 3739 1251 3831 βασανιζόμενος
1276 3740 1395 3824 αὐτὸς

203 3867 274 3960 ἔφη
308 3864 554 3953 ainomehun
591 3887 687 3959 quae
713 3865 827 3939 verba
852 3889 967 3960 quam
994 3867 1157 3940 maxime
1183 3868 1394 3962 discrepant

202 3995 250 4067 ab
275 3995 340 4083 iiS,
366 4016 463 4088 quae
488 3995 641 4067 exstans)
664 3993 762 4084 §36:
792 3995 862 4066 καὶ
887 3993 1008 4092 πότερ’
1034 3994 1157 4084 ἀληθῆ
1185 3997 1310 4087 ἐστίν,
1337 3996 1393 4070 ὅτ’

203 4124 273 4215 ἔφη
298 4151 346 4216 με
370 4122 579 4219 εἰργάσθαι
604 4121 649 4193 τὸ
675 4121 789 4220 ἔργον
814 4127 835 4211 ἢ
860 4123 914 4194 ὅτ’
942 4126 1011 4198 οὐκ
1039 4125 1126 4216 ε”φη;
1149 4123 1249 4216 539:
1272 4125 1333 4196 ὅτι
1348 4167 1393 4177 -

203 4249 271 4342 ἤδη
297 4257 486 4324 τεθνεῶτα
512 4252 631 4323 αὐτὸν
656 4253 717 4324 ὑπ’
747 4254 838 4345 ἐμοῦ
860 4252 1078 4326 ουνανελὼν
1099 4253 1167 4326 καὶ
1189 4254 1321 4338 ἐνθεὶς
1338 4253 1395 4337 εἰς

202 4383 247 4455 τὸ
279 4380 414 4476 πλοῖονΙ
436 4385 753 4453 καταποντῶσαι.
782 4379 863 4471 §42
889 4381 974 4475 (sub
1000 4381 1147 4473 finem):
1176 4383 1197 4454 ὁ
1221 4379 1295 4474 μὲν
1321 4383 1394 4480 γάρ

205 4510 380 4605 ἐκβάντα
413 4509 528 4602 μ’ἔφη
562 4510 603 4582 ἐκ
637 4519 702 4584 τοῦ
732 4510 862 4583 πλοίοο
897 4508 1123 4584 ἀποκτεῖναι
1152 4512 1221 4586 τὸν
1245 4510 1392 4608 ἄνδρα,
