3366 5324
895 451 942 522 12

324 646 505 729 πολλάκις
529 641 599 733 ἤδη
624 642 890 739 ἐπάὀτοφώρῳ
914 644 1127 734 ληφθεῖσαν
1154 641 1222 712 τὸν
1249 639 1426 714 θάνατον
1447 641 1532 714 τὸν

325 778 471 851 ἐκείνου
496 779 795 868 μηχανωμένην.

373 906 394 996 ξ
425 901 459 976 4.
495 905 603 995 ὑμεῖς
638 903 713 1000 γάρ
744 928 815 996 μοι
850 901 1082 999 ἀναγκαῖοι.
1120 903 1188 983 οὓς
1221 898 1294 997 γάρ
1320 901 1440 995 ἐχρῆν
1465 907 1529 995 τῷ

321 1031 396 1125 μὲν
433 1037 613 1106 τεθνεῶτι
649 1033 837 1128 τιμωροὺς
875 1037 1081 1128 γενέσθαι,
1122 1030 1211 1122 ἐμοὶ
1244 1027 1286 1102 δὲ
1320 1029 1529 1122 βοηθούς,

323 1151 430 1236 οὗτοι
455 1171 521 1235 τοῦ
546 1158 621 1250 μὲν
645 1167 853 1245 τεθνεῶτος
879 1171 1002 1255 φονῆς
1028 1162 1278 1257 γεγένηνται,
1304 1158 1397 1250 ἐμοὶ·
1412 1153 1526 1231 ὃόἒν·

323 1288 467 1363 τίδικοι
502 1295 734 1364 uaesanae.
762 1292 854 1388 πρὸς
880 1292 994 1373 τίνας
1019 1279 1090 1363 οὖν
1116 1289 1208 1384 ἔλθῃ
1233 1315 1295 1371 τις
1320 1289 1526 1380 βοηθούς,
1646 1379 1647 1390 ¹

323 1427 345 1511 ἢ
379 1433 450 1494 ποῖ
476 1423 543 1510 τὴν
577 1424 804 1518 καταφυγὴν
836 1426 1039 1510 ποιήσεται
1072 1417 1212 1492 ἄλλοθι
1245 1423 1266 1509 ἢ
1297 1420 1389 1514 πρὸς
1413 1419 1529 1512 ὑμᾶς

325 1551 395 1624 καὶ
418 1551 462 1622 τὸ
488 1547 658 1637 δίκαιον;
684 1549 857 1623 Fortasse
878 1548 1063 1643 quispiam
1088 1547 1264 1635 miratur,
1288 1547 1403 1620 verba
1424 1548 1527 1643 πρὸς
1646 1577 1647 1584 “

325 1681 441 1763 τίνας
474 1669 546 1752 οὖν
578 1678 673 1775 ἔλθῃ
707 1704 769 1763 τις
801 1677 976 1771 βοηθούς
1004 1675 1127 1748 adhue
1153 1675 1201 1747 ab
1227 1674 1431 1748 editoribus
1455 1678 1526 1748 ut-

325 1809 414 1902 pote
434 1807 584 1902 integra
602 1807 785 1900 relinqui,
808 1829 895 1878 eum
915 1805 1061 1899 pridem
1078 1803 1270 1876 Dobraeus
1284 1801 1525 1896 Cobetusque

325 1935 468 2030 optime
487 1937 528 2009 et
545 1935 617 2025 ita,
639 1937 685 2006 ut
704 1934 905 2027 unicuique
925 1931 1035 2004 facile
1057 1929 1345 2025 persuaderent,
1367 1931 1526 2004 demon-

326 2062 504 2152 strarint,
538 2085 605 2156 pro
640 2063 733 2159 ἔλθῃ
756 2059 1034 2155 restituendum
1059 2080 1156 2132 esse:
1183 2058 1235 2132 ἂν
1260 2059 1380 2132 ἔλθοι.
1415 2057 1527 2132 Goel-

325 2190 447 2263 kelius
468 2193 601 2263 eontra
619 2189 658 2261 in
680 2187 943 2261 dissertatione
964 2209 1032 2258 sua
1056 2186 1273 2280 ,Beitraege
1294 2210 1360 2257 zur
1374 2184 1526 2280 Syntax

327 2318 391 2390 des
429 2318 614 2391 Verbums
653 2318 730 2389 und
768 2341 835 2389 zur
874 2315 1119 2411 Satzbildung
1156 2316 1216 2390 bei
1253 2317 1338 2389 dem
1372 2316 1527 2391 Redner

326 2444 544 2539 Antiphon''
570 2468 653 2540 pag.
680 2446 702 2517 9
727 2446 924 2540 vulgatam
949 2443 1152 2519 lectionem
1172 2444 1230 2516 ita
1249 2445 1349 2518 tueri
1364 2419 1526 2534 studet,

326 2575 372 2646 ut
396 2573 617 2663 admoneat,
644 2572 932 2647 Coniunctivum
959 2572 1171 2646 Praesentis
1197 2573 1408 2667 antiquitus
1434 2596 1522 2645 mu·

325 2723 414 2774 nere
447 2699 620 2773 functum
653 2723 733 2774 esse
764 2701 910 2773 Futuri.
950 2701 1003 2773 At
1034 2700 1173 2773 iniuria
1203 2699 1395 2794 perhibet,
1420 2700 1524 2774 hanc

326 2829 373 2902 ob
394 2851 474 2902 rem
495 2827 683 2902 Futurum
701 2827 990 2922 Praesentisque
1003 2827 1294 2900 Coniunctivum
1307 2827 1523 2922 promiscue

325 2956 414 3051 poni
435 2958 562 3030 solere.
590 2956 796 3050 Postquam
818 2957 920 3030 enirn
941 2955 1128 3027 Futurum
1149 2955 1300 3050 linguae
1321 2955 1520 3036 inveetum

326 3086 402 3173 est,
416 3084 560 3178 sibique
573 3084 799 3174 vindicavit,
813 3107 906 3179 quas
924 3085 1038 3156 antea
1050 3082 1185 3154 habuit
1196 3085 1322 3176 partes
1336 3081 1521 3156 Coniunc-

325 3210 448 3300 tivus,
494 3232 539 3283 ex
579 3233 622 3284 eo
661 3211 822 3284 confinia
860 3211 1057 3304 utriusque
1084 3209 1185 3282 modi
1210 3233 1300 3282 usus
1326 3209 1521 3282 interdurn

326 3336 477 3432 quidem
509 3338 654 3411 ineerta
686 3337 925 3430 diffieiliaque
959 3337 1170 3411 eonstitutu
1204 3336 1428 3426 manebant,
1453 3339 1521 3410 sed

327 3466 493 3537 multum
527 3465 652 3555 abest,
687 3467 732 3536 ut
760 3487 905 3558 semper
930 3466 990 3538 vel
1016 3464 1117 3536 hune
1141 3464 1203 3537 vel
1228 3463 1338 3534 iilum
1362 3463 1521 3536 modurn

326 3615 394 3687 pro
428 3592 537 3666 libito
570 3593 743 3686 usurpari
775 3593 937 3665 licuerit.
974 3591 1036 3663 Ita
1070 3614 1126 3664 ex,
1160 3613 1214 3685 gr.
1254 3588 1519 3685 comparatum

326 3723 405 3811 est,
438 3723 483 3792 ut
516 3721 557 3793 in
590 3720 780 3811 formulis,
814 3721 943 3814 quales
976 3731 1083 3792 sunt:
1114 3708 1310 3805 τίπάθω,
1336 3732 1405 3793 ποῖ
1425 3721 1520 3815 τρά-

326 3879 476 3945 πωμαι,
504 3851 549 3921 τί
568 3857 742 3949 γένωμαι
767 3849 924 3938 similia,
949 3848 1072 3942 prima
1094 3848 1243 3943 flagitet
1255 3871 1412 3942 persona
1425 3847 1519 3920 Con-

325 3978 559 4069 iunetivum,
593 3981 638 4050 ut
672 3982 775 4052 reete
809 3976 881 4049 diei
908 3976 1043 4071 possit:
1071 3978 1166 4074 πρὸς
1192 3979 1304 4061 τίνας
1329 3969 1398 4051 οὖν
1418 3978 1520 4050 tide

327 4107 514 4201 βοηθούς,
551 4111 573 4197 ἢ
604 4116 675 4179 ποῖ
694 4109 763 4196 τὴν
789 4109 1013 4203 καταφυγὴν
1037 4108 1239 4195 ποιήσεταί
1258 4133 1317 4190 τις
1342 4106 1472 4179 ἄλλοσε
1498 4111 1521 4196 ἢ

327 4259 362 4329 q.
376 4259 405 4308 s.
430 4235 511 4308 Hoc
537 4238 667 4307 autem
694 4234 804 4307 modo
829 4234 973 4308 Futuro
995 4235 1207 4307 consociare
1228 4217 1520 4308 Coniuneti'vum

326 4363 403 4434 iam
429 4385 505 4436 non
530 4362 677 4452 lieebit,
706 4362 737 4434 si
763 4362 943 4452 verbum,
970 4361 1069 4456 quod
1094 4360 1340 4436 Coniunctivo
1369 4355 1520 4433 finitum

330 4492 407 4579 est,
435 4489 618 4563 secundae
640 4493 708 4562 aut
729 4489 867 4562 tertiae
890 4492 950 4564 est
970 4510 1169 4583 personae,
1192 4510 1281 4560 narn
1303 4488 1374 4561 hae
1395 4462 1527 4581 pessa.
