3366 5324
688 513 735 596 37

132 705 370 800 perspectam,
403 706 506 778 certe
539 727 615 779 non
649 706 838 780 sublatam
873 729 963 782 esse.
989 706 1161 781 Reislrius
1187 708 1311 783 verbis

133 831 329 925 morfiofrr’
354 831 405 905 ἄν
425 832 688 908 difficultatem
709 836 899 929 quandam
912 836 1033 909 inesse
1046 835 1180 926 sensit,
1195 859 1312 930 quam

132 964 247 1032 tamen
270 960 583 1055 interpretatione
606 962 866 1057 potiusquam
889 963 1106 1036 coniectura
1119 984 1311 1038 removere

132 1089 272 1159 conatus
293 1090 361 1160 est.
384 1088 640 1178 Maetznerus,
660 1089 751 1162 dum
772 1089 966 1164 Reiskium
988 1091 1107 1164 falsae
1120 1091 1311 1164 convincit

133 1213 396 1306 explicationis,
431 1238 551 1310 neque
584 1239 623 1290 se
655 1217 799 1311 ipsum,
834 1217 924 1311 quid
959 1221 1044 1292 tota
1075 1218 1147 1292 loci
1172 1220 1311 1290 natura

132 1340 285 1433 requirat
305 1343 397 1414 satis
417 1342 645 1416 intellexisse
667 1344 866 1418 manifesto
890 1345 1044 1419 indicat.
1060 1344 1114 1418 Ob
1127 1368 1309 1440 magnum

132 1472 247 1542 autem
272 1473 529 1560 momentum,
555 1471 655 1565 quod
678 1471 767 1544 huic
792 1471 873 1545 loco
899 1473 1089 1563 attribuo,
1111 1472 1310 1566 utriusque

132 1596 194 1667 viri
216 1597 424 1670 doctissimi
452 1597 568 1672 verba
594 1598 805 1671 accuratius
826 1621 1037 1693 persequar.
1071 1597 1241 1672 Reiskius
1262 1597 1310 1668 ad

132 1723 327 1814 corpores
362 1725 413 1797 a
449 1725 785 1798 subaudiamus
821 1703 970 1822 „aaran
1007 1728 1077 1800 nar
1109 1723 1310 1808 caratauc

135 1851 314 1946 ,Neque,”
340 1854 466 1948 inquit
494 1858 617 1940 ,recto
643 1857 683 1925 et
707 1875 827 1948 aequo
853 1855 1121 1928 convenienter
1145 1854 1233 1943 fiat,
1259 1852 1310 1940 si,

132 1978 276 2070 quinos
300 1984 424 2054 morte
449 1981 678 2068 affecissent,
705 2004 781 2052 non
812 1981 923 2055 modo
949 1982 997 2054 ab
1022 1981 1068 2053 iis
1095 1981 1185 2062 locis
1210 1979 1312 2051 baud

132 2110 327 2197 arceantur,
352 2107 452 2180 unde
478 2108 645 2202 impuros
672 2107 791 2180 arceri
816 2131 884 2202 par
906 2111 983 2196 est,
1005 2108 1069 2180 sed
1091 2110 1130 2180 et
1151 2129 1218 2202 pro
1239 2107 1311 2202 piis

132 2235 165 2303 et
194 2235 329 2306 sanctis
362 2234 585 2323 habeantur,
621 2257 739 2329 eaque
774 2235 986 2309 reverentia
1012 2234 1246 2329 excipiantur
1271 2237 1311 2308 et

134 2363 343 2452 tractentur,
376 2384 452 2455 qua
485 2362 564 2456 pios
600 2365 639 2435 et
665 2365 813 2436 sanctos
839 2363 958 2457 excipi
983 2364 1043 2435 ius
1070 2365 1109 2434 et
1134 2362 1190 2434 fas
1216 2361 1309 2435 est.’'

135 2487 310 2562 Hactenus
334 2489 516 2562 Reiskius.
557 2488 628 2563 Sed
652 2490 837 2585 profecto,
866 2492 898 2564 si
923 2492 1018 2564 talia
1038 2491 1157 2564 tacite
1176 2491 1310 2563 subau-

135 2614 194 2687 diri
212 2617 359 2706 licebit,
381 2617 487 2689 nulla
507 2617 585 2688 iam
598 2640 759 2712 usquam
773 2618 973 2692 difficultas
986 2619 1145 2693 residere
1158 2619 1311 2712 poterit,

137 2743 191 2814 sed
214 2767 258 2817 ex
284 2745 458 2818 omnibus
480 2745 607 2818 omnia
632 2748 700 2817 aut
721 2746 1005 2841 interpretando
1027 2748 1095 2818 aut
1108 2745 1313 2840 supplendo

135 2872 307 2944 enucleari
332 2871 471 2944 licebit.
511 2871 549 2944 Si
575 2873 634 2946 vir
659 2873 886 2946 clarissimus
915 2874 1049 2962 verba,
1074 2895 1171 2967 quae
1195 2872 1313 2946 tacite

134 2999 284 3092 suppleri
315 2998 442 3088 iubet,
476 2999 612 3071 saltem
646 2999 685 3070 in
719 3001 870 3072 textum
905 3003 973 3072 aut
998 3000 1219 3094 recepisset,
1244 3002 1313 3072 aut

134 3124 330 3219 recipienda
363 3126 635 3220 proposuisset,
674 3126 834 3220 speciem
861 3129 962 3200 certe
988 3126 1152 3221 aliquam
1176 3127 1314 3200 habere

134 3250 310 3326 videretur
335 3252 414 3325 eius
442 3253 663 3347 explicatio,
687 3275 784 3348 quae
808 3254 943 3327 leviter
969 3253 1093 3327 locum
1115 3255 1312 3350 inspicien-

133 3377 220 3452 tibus
245 3379 460 3452 satisfacere
486 3383 625 3474 posset;
652 3380 716 3453 sed
742 3381 928 3475 quomodo
954 3381 1147 3455 subaudiri
1167 3384 1314 3477 possint

133 3509 231 3580 verba
264 3510 393 3604 ὀρθῶς
427 3509 494 3580 καὶ
528 3505 714 3597 δικαίως,
746 3530 843 3603 quae
869 3528 1019 3581 summa
1043 3511 1169 3605 potius
1194 3511 1233 3585 vi
1258 3511 1311 3584 ef-

134 3633 272 3709 ferenda
304 3636 452 3726 forent,
486 3637 688 3732 unicuique
714 3637 916 3710 obscurum
942 3639 1121 3712 manebit.
1160 3637 1219 3711 Ab
1243 3638 1314 3711 hac

41 3811 42 3818 κ
134 3763 254 3837 saltem
273 3767 382 3859 parte
404 3765 539 3838 melius
561 3765 736 3838 sehabet
760 3764 964 3837 Mastaneri
987 3764 1206 3859 explicatio,
1228 3765 1313 3859 qui,

134 3891 218 3982 quod
243 3891 414 3963 Reiskius
440 3895 568 3964 mente
593 3892 758 3986 suppleri
782 3891 887 3964 vult:
911 3892 1040 3989 ὀρθῶς
1061 3894 1129 3967 καὶ
1151 3891 1313 3978 δικαίως

133 4014 165 4086 in
193 4021 340 4092 textum
374 4017 558 4123 inserens,
591 4017 684 4090 haec
708 4019 885 4091 adnotat:
917 4043 1060 4115 ,neque
1085 4022 1132 4111 ii,
1155 4022 1220 4115 qui
1246 4043 1313 4094 nos

132 4142 389 4219 interfecerunt
419 4144 459 4237 (i.
494 4166 525 4217 e.
562 4143 765 4217 adversarii
799 4145 917 4237 filius,
950 4148 1017 4242 qui
1046 4171 1172 4222 meum
1196 4147 1312 4220 inter-

132 4268 207 4346 fecit
238 4275 417 4366 puerum)
452 4272 484 4344 si
516 4293 593 4344 non
627 4275 838 4363 arceantur,
872 4274 972 4348 unde
1005 4297 1067 4348 eos
1101 4274 1221 4347 arceri
1245 4298 1314 4370 par·

133 4404 196 4490 ac,
228 4401 312 4473 iure
344 4422 367 4496 a
399 4399 582 4472 iudicibus
615 4399 751 4494 impios
785 4400 1065 4476 absolventibus
1103 4404 1315 4478 reverentia

41 4545 42 4608 l
133 4522 222 4624 digni
255 4526 504 4606 habeantur
547 4526 649 4613 Quae
688 4527 886 4625 explicatio
926 4530 1058 4624 utique
1094 4531 1163 4606 hoc
1199 4531 1315 4608 habet
