3366 5324
736 490 780 562 51

154 680 310 753 bantur.
344 677 479 773 Itaque
513 701 609 773 nego
637 679 777 751 iustam
803 700 956 752 oausam
981 679 1131 769 adesse,
1157 702 1224 752 eur
1248 679 1353 754 obse·

154 829 321 902 quamur
346 805 557 901 Hirsohigio
582 806 698 880 verba
719 806 881 896 delenti,
902 829 998 901 quae
1018 808 1170 880 tantam
1190 808 1355 882 habeant

155 934 240 1008 vim
264 933 312 1004 ad
337 932 571 1006 incitandam
595 932 763 1006 iudioum
789 933 1100 1028 indignationem.

209 1061 253 1156 β.
277 1063 298 1152 5
318 1061 353 1134 4.
386 1062 642 1159 προλεγόντων
676 1062 750 1159 γαρ
783 1062 885 1158 αὐτῷ
917 1068 997 1137 τῶν
1034 1063 1156 1138 ἄλλων
1188 1063 1354 1161 ἰατρῶν,

156 1191 197 1263 οἰ
218 1192 360 1278 ταύτην
384 1193 453 1278 τὴν
479 1189 685 1286 θεραπείαν
712 1194 1001 1288 repansorum,
1026 1191 1087 1263 ὅτι
1114 1191 1276 1286 ἰάσιμος
1298 1195 1354 1267 ὢν

159 1316 489 1415 διαφθαρήσοιτο,
524 1315 685 1410 δι’ὑμᾶς
719 1318 806 1402 τοὺς
838 1320 1085 1411 συμβούλους
1118 1319 1359 1417 διαφθαρεὶςΙ

161 1448 249 1538 ἐμοὶ
274 1443 435 1521 Ιἀνόσιον
459 1447 626 1545 ἔγκλημα
654 1447 900 1544 προςέβαλον.
927 1446 1013 1521 Non
1039 1451 1132 1542 puto
1159 1448 1257 1541 fore,
1276 1451 1355 1545 qui·

159 1575 231 1648 bus
266 1573 360 1648 haee
392 1575 526 1665 verba,
563 1575 594 1646 si
623 1574 787 1648 severior
820 1575 866 1647 de
898 1574 944 1646 iis
969 1574 1155 1648 habeatur
1180 1598 1355 1669 censura,

161 1704 311 1798 integra
334 1725 414 1777 esse
439 1703 658 1790 videantur;
684 1702 709 1775 J
710 1702 937 1776 ernstedtius
958 1702 1040 1777 iure
1061 1707 1146 1797 post
1167 1728 1248 1779 voe.
1262 1734 1357 1797 σομ-

161 1831 328 1927 potuve
352 1830 540 1904 desiderat
566 1833 722 1905 verbum
750 1833 1006 1928 ἐπιτροφθείς,
1040 1831 1085 1904 ef.
1108 1831 1258 1907 Observ.
1280 1834 1356 1907 An-

162 1960 256 2054 tiph.
290 1982 373 2054 pag.
413 1958 468 2035 17.
503 1957 598 2033 (lum
628 1962 760 2032 autem
798 1960 854 2033 vir
887 1959 1126 2033 doctissimus
1152 1960 1223 2033 hoo
1246 1983 1356 2035 vooa·

163 2088 296 2160 bulum
323 2087 546 2160 restitutum
570 2086 656 2161 vult
681 2088 762 2161 loeo
787 2087 1002 2182 Partieipii:
1030 2085 1286 2183 διαφθαρείς,
1313 2111 1356 2163 eo

163 2215 242 2286 iam
262 2236 398 2310 parum
419 2217 520 2287 reete
541 2213 640 2309 agit,
662 2213 763 2307 quod
782 2217 867 2287 tum
888 2217 1105 2288 removetur
1117 2215 1235 2305 notio,
1248 2238 1357 2310 quae,

162 2341 194 2414 si
219 2341 344 2431 abest,
371 2364 448 2415 non
469 2341 593 2413 minus
616 2339 868 2430 desideratur,
887 2363 1003 2434 quam
1024 2342 1124 2436 quod
1144 2341 1359 2416 eonieotura

162 2491 231 2541 sua
256 2467 489 2562 assequitur,
512 2467 688 2541 verbum:
713 2465 963 2566 ἐσιτρεφθείς.
985 2469 1139 2543 Mallem
1150 2469 1359 2544 Jemstedt·

163 2596 222 2669 ius
245 2599 331 2691 post
351 2594 597 2689 Pariicipium
619 2593 853 2694 διαφθαρείς
865 2597 1101 2670 inseruisset:
1118 2599 1358 2696 ducvpepdar‘g

163 2746 284 2819 neque
304 2722 507 2817 quiequam
525 2727 722 2818 praeterea
741 2728 939 2799 mutasset.
967 2723 1067 2797 Nam
1088 2725 1259 2816 conlato,
1282 2749 1356 2821 quo

163 2852 211 2924 ad
230 2852 323 2925 haee
340 2851 455 2925 verba
475 2851 743 2946 respondetur,
762 2853 861 2943 loeo,
875 2852 952 2925 seii.
966 2881 1002 2950 y.
1019 2850 1088 2942 55,
1102 2851 1357 2928 desideramus

165 2982 251 3057 aut:
279 2977 331 3052 δι’
356 2984 460 3069 ὑμᾶς
487 2981 575 3064 τοὺς
599 2981 845 3074 συμβούλους
869 2988 936 3054 τοῦ
958 2981 1251 3076 ἐπιτροφθῆναι,
1267 2985 1355 3055 aut:

166 3105 216 3180 δι’
243 3107 347 3200 ὑμᾶς
366 3107 455 3191 τοὺς
476 3109 844 3202 συμβουλεύσαντας
867 3109 1152 3206 ἐπιτροφθῆναι.
1168 3107 1355 3183 Hoealte·

164 3259 250 3308 rum
284 3235 500 3329 amplexus,
535 3237 629 3309 mihi
656 3237 851 3312 notionem
875 3237 1123 3312 neeessariam
1146 3236 1357 3311 restituisse

164 3363 309 3454 videor,
335 3362 493 3457 scripto:
523 3360 575 3436 δι’
600 3365 705 3456 ὑμᾶς
731 3366 820 3450 τοὺς
842 3363 1358 3457 <τοῦτο>σομβοολεύσαν

165 3519 218 3564 τα
228 3519 251 3576 ς
283 3489 524 3589 διαφθαρείς
557 3495 659 3584 cett,
691 3494 731 3566 in
767 3495 902 3589 quibus
935 3515 1015 3568 voe.
1052 3503 1162 3567 τοῦτο
1188 3495 1360 3587 spectans

165 3620 211 3691 ad
235 3621 371 3712 verba,
398 3643 495 3714 quae
517 3621 686 3715 proxime
700 3611 949 3717 praecedunt:
963 3622 1003 3695 εἰ
1010 3625 1153 3712 ταύτην
1165 3624 1233 3710 τὴν
1247 3627 1358 3716 θερα-

164 3750 273 3822 πείαν
311 3750 599 3844 θεραπεύσοιτο,
637 3749 739 3823 idem
772 3751 875 3825 valet
909 3771 970 3823 ae:
991 3752 1133 3841 ταύτην
1155 3753 1223 3839 τὴν
1246 3755 1357 3844 θερα-

165 3879 273 3950 πείαν
298 3879 588 3970 θεραπεύεσθαι.

211 4009 232 4099 ἓ
253 4005 287 4078 8.
313 4004 389 4078 Sub
424 4005 538 4078 finem
570 4002 752 4077 orationis
787 4026 898 4090 suae,
923 4026 1029 4095 reus,
1055 4027 1102 4079 ne
1128 4005 1354 4099 quidquam,

164 4133 261 4226 quod
282 4133 323 4205 in
348 4155 429 4206 rem
454 4155 563 4205 suam
588 4133 735 4205 vertere
759 4131 896 4225 possit,
916 4132 1218 4227 praetermittat,
1237 4132 1355 4204 etiam

162 4260 230 4332 tali
254 4260 414 4350 iudioeS,
440 4282 487 4334 ne
513 4281 552 4332 se
579 4259 850 4349 condemnent,
876 4261 1086 4335 absterrere
1111 4260 1271 4331 oonatur
1296 4282 1354 4332 ar-

162 4387 469 4480 gumentatione,
497 4388 544 4460 ut
568 4386 721 4475 dooeat,
747 4387 1032 4476 tantummodo,
1058 4385 1090 4458 si
1115 4407 1155 4458 se
1180 4386 1354 4460 condem-

162 4517 274 4605 nent,
308 4518 350 4588 at
381 4537 620 4610 nequaquam
657 4513 690 4586 si
716 4513 934 4604 absolvant,
959 4514 1033 4588 illis
1058 4513 1224 4588 aouidere
1249 4537 1356 4610 posse
