3424 5320
755 494 822 568 109

190 681 306 754 verba
330 685 376 754 ut
401 682 631 776 interpolata
656 681 940 754 condemnanda
964 682 1126 770 iudicat;
1151 683 1213 756 cui
1233 685 1377 758 obtem-

190 807 396 901 perandum
423 828 603 882 essenon
627 811 731 902 puto.
758 806 857 880 Nam
881 808 964 893 fac,
986 810 1240 903 magistellum
1263 834 1378 904 quen·

190 933 278 1006 dam
316 935 360 1007 V.
395 935 477 1028 §84
511 935 712 1008 addidisse:
745 937 852 1032 ὑμᾶς
883 937 1089 1028 κελεύουσι,
1123 937 1213 1030 quid
1247 941 1377 1011 autem

189 1083 276 1136 eum
310 1083 461 1136 movere
493 1064 662 1155 poterat,
695 1065 741 1135 ut
765 1067 894 1135 nostro
918 1063 1001 1136 loco
1026 1063 1255 1136 adscriberet
1279 1065 1379 1157 quod

190 1209 300 1260 sensu
340 1209 486 1260 cassum
520 1189 641 1261 esset‘l
674 1189 747 1276 At,
781 1189 917 1262 dixerit
950 1190 1159 1282 quispiam,
1193 1213 1280 1263 cum
1313 1191 1379 1264 ille

189 1314 294 1388 locus
319 1313 396 1385 iam
421 1314 671 1408 interpolatus
697 1317 812 1401 esset,
838 1315 936 1386 alius
962 1315 1198 1409 magistellos
1222 1320 1379 1408 putave-

187 1441 258 1526 rit,
291 1440 412 1514 simile
443 1440 534 1533 quid
565 1441 639 1513 huc
672 1463 749 1514 esse
782 1441 1005 1514 addendum.
1041 1441 1112 1514 Sed
1146 1444 1231 1514 tum
1266 1443 1380 1516 miros

188 1589 255 1642 nos
288 1567 422 1655 habet,
455 1589 521 1640 cur
552 1567 753 1642 inseruerit
786 1567 943 1640 verbum
968 1568 1264 1661 ineptissimum,
1290 1591 1377 1641 cum

187 1696 227 1766 et
272 1693 367 1764 nihil
406 1693 625 1787 impediret,
665 1695 866 1786 quominus
902 1716 984 1766 voc.
1022 1694 1235 1768 κελεύουσιν
1270 1693 1376 1766 illinc

187 1822 447 1908 mutuaretur,
480 1823 519 1892 et
549 1819 841 1892 semidoctorum
866 1819 1127 1892 additamenta
1151 1820 1270 1891 nimia
1294 1843 1375 1913 per-

168 1932 410 2039 spicuitate,
443 1968 520 2019 nou
546 1967 610 2033 eo,
635 1945 735 2038 quod
759 1946 971 2018 orationem
995 1945 1098 2018 iusto
1124 1947 1377 2020 obscuriorem

185 2073 345 2162 faciant,
379 2073 530 2168 agnosci
563 2073 719 2146 soleant.
758 2071 826 2144 His
851 2075 1045 2165 permotus
1070 2073 1224 2147 omnino
1250 2097 1373 2148 assen-

185 2199 261 2272 tior
292 2199 451 2287 Cobeto,
484 2221 564 2273 voc.
600 2196 857 2273 διδάσκουσιν
891 2205 1112 2294 corruptum
1144 2224 1220 2275 non
1245 2206 1376 2276 autem

186 2325 457 2420 interpolatum
480 2326 673 2398 iudicanti.
702 2325 781 2400 Nec
803 2330 934 2399 tamen
959 2350 1052 2420 opus
1077 2331 1151 2416 est,
1178 2329 1224 2399 ut
1243 2329 1376 2401 statim

186 2473 408 2545 reponamus
442 2451 672 2543 κελεύουσιν,
705 2477 795 2526 nam
820 2454 885 2525 ubi
911 2454 1002 2547 quid
1028 2457 1206 2526 narratur
1229 2455 1375 2544 verbis,

187 2580 368 2672 superiori
401 2581 549 2653 cuidam
582 2581 665 2654 loco
699 2581 902 2669 similibus,
938 2603 1014 2654 nou
1048 2581 1178 2656 cadem
1204 2603 1376 2675 semper,

185 2729 281 2798 quae
318 2711 432 2780 antea
468 2707 639 2780 adhibita
675 2711 765 2779 suut
801 2707 984 2778 vocabula
1021 2709 1274 2799 usurpantur,
1311 2706 1376 2779 scd

185 2832 247 2904 hic
283 2833 362 2904 illic
397 2837 437 2906 et
472 2834 549 2904 alia
585 2832 753 2905 eiusdem
789 2832 954 2904 notionis
987 2831 1089 2903 dicta
1114 2833 1371 2906 inveniuntur.

185 2957 322 3050 Itaque
362 2958 601 3030 verisimilius
633 2958 749 3047 duco,
783 2979 850 3050 pro
884 2956 1089 3051 depravato
1122 2956 1375 3032 διδάσκουσιν

131 3111 136 3126 ·
186 3083 442 3176 reponendum
468 3086 547 3157 es'se
572 3083 649 3156 sive
671 3083 771 3176 quod
796 3083 1052 3156 Bohlmennus
1078 3087 1290 3179 proposuit:
1318 3084 1375 3159 δι-

187 3220 386 3300 κοιοῡσιν,
413 3211 554 3284 sivein
581 3210 681 3304 quod
706 3232 774 3306 ego
799 3210 930 3281 incidi:
958 3210 1147 3296 ἀξιοῦσιν.

236 3339 327 3429 540.
365 3381 411 3392 -
445 3340 540 3412 aaa
574 3335 702 3412 δεινὸν
736 3317 853 3426 δόξαι
881 3333 985 3412 εἶναι
1011 3348 1054 3432 τῇ
1080 3338 1225 3433 stoan,
1249 3339 1376 3433 ροισι

186 3493 254 3555 μοι
293 3469 448 3541 ἐπύθετο
478 3472 743 3564 προειρημένον
772 3469 971 3563 εὶργισθαι
996 3474 1075 3541 τῶν
1099 3491 1278 3561 νομιμων
1303 3471 1376 3544 ὑπὸ

187 3595 349 3676 τούτων,
387 3596 454 3677 οὓς
491 3595 612 3690 ἑώρων
648 3623 718 3686 μοι
755 3605 797 3688 τῇ
834 3596 1037 3690 προτεραίᾳ
1075 3599 1268 3682 συνόντας
1305 3599 1375 3670 καὶ

187 3718 493 3817 διαλεγομένους.
519 3720 618 3794 Scire
643 3722 774 3810 velim,
798 3720 888 3814 quid
913 3720 1075 3794 editores
1096 3721 1310 3814 impulerit,
1330 3727 1377 3796 ut
1468 3745 1470 3752 ·

185 3849 312 3941 spreta
337 3847 545 3942 Orippsieni
564 3848 811 3936 auctoritate,
835 3845 1081 3918 Oxoniensem
1093 3849 1211 3920 secuti
1223 3848 1374 3942 legant:

188 3975 312 4070 ἑώρων
344 3997 412 4069 pro
443 3974 586 4061 forma,
619 3973 861 4048 insolentiore
895 3993 939 4044 ea
972 3972 1123 4066 quidem
1150 3973 1214 4046 sed
1241 3997 1265 4044 a
1288 3973 1375 4046 dde-

185 4101 279 4174 liore
312 4102 444 4194 utique
476 4099 601 4173 codice
633 4099 794 4172 tradita:
832 4099 940 4194 ἑώρα.
977 4097 1079 4170 Nam
1105 4098 1176 4171 etsi
1201 4098 1374 4193 equidem

186 4250 261 4301 nou
288 4229 439 4322 ignoro,
464 4250 487 4298 a
512 4226 754 4326 scriptoribus
779 4229 866 4320 post
891 4225 986 4298 talia
1011 4223 1214 4314 vocabula,
1239 4225 1376 4318 quibus

186 4354 292 4427 notio
330 4353 586 4426 multitudiuis
624 4353 735 4442 insit,
774 4356 834 4446 (ut
872 4353 909 4424 h.
923 4352 948 4423 l.
987 4350 1123 4444 βουλή)
1149 4352 1306 4425 verbum
1331 4375 1374 4428 eo

187 4480 376 4574 pertinens
419 4479 632 4574 saepissime
664 4479 754 4574 poni
788 4480 828 4552 iu
862 4499 1020 4552 numero
1054 4477 1210 4572 plurali,
1245 4481 1375 4554 tamen
