3366 5324
741 445 783 518 ll

165 635 260 708 bene
294 637 498 710 consociari
531 659 647 731 posse.
687 635 724 710 N
725 655 787 710 am
822 639 854 713 si
886 638 925 710 id
953 637 1155 728 faciemus,
1180 638 1254 712 duo
1279 639 1358 714 iam

166 762 327 836 aderunt
361 764 590 858 hyperbata,
625 786 721 857 quae
755 765 956 838 coniuncta
989 765 1200 839 orationem
1226 766 1358 858 nimis,

165 913 280 984 quam
307 893 353 963 ut
377 891 468 965 ferri
494 892 632 985 possit,
661 891 795 965 duram
820 893 991 966 reddant.
1026 891 1127 983 Hoc,
1146 892 1219 964 nisi
1235 891 1359 984 fallor,

166 1020 268 1109 erat,
307 1043 374 1093 cur
405 1018 464 1093 111
500 1018 737 1092 doctissimus
772 1020 933 1093 alteram
966 1022 1161 1115 praeterea
1187 1020 1359 1116 suppedi-

165 1149 268 1220 taret
290 1147 550 1242 explicationis
575 1148 698 1239 viam,
734 1148 940 1222 secundum
966 1170 1080 1242 quam
1107 1148 1209 1222 inter
1234 1170 1273 1222 se
1297 1171 1359 1244 po·

165 1275 243 1347 tius
269 1275 478 1369 copulanda
504 1277 629 1347 essent
653 1275 787 1348 verba:
823 1277 892 1350 τὸν
917 1275 1097 1350 θάνατον
1120 1277 1190 1349 τὸν
1216 1277 1358 1351 ἐκείνου

167 1402 431 1501 ἐωάέτοφώρῳ
456 1407 757 1497 μηχανωμένην.
782 1402 832 1476 Et
862 1425 972 1494 sane,
998 1401 1115 1498 siper
1137 1407 1359 1498 0000001011-

165 1534 243 1622 101,
281 1531 458 1626 explicari
497 1532 657 1605 fortasse
694 1533 853 1626 possunt
887 1529 1020 1618 verba3
1055 1530 1224 1624 conferas
1258 1531 1359 1603 enim

166 1680 223 1732 err.
261 1681 315 1754 gr.
350 1657 483 1753 Lysiae
517 1657 610 1731 XIII
645 1660 666 1749 ἓ
700 1657 765 1732 85:
802 1657 1005 1755 ὁμολογεῖν
1038 1656 1281 1748 ἀποκτεῖναι,
1307 1663 1359 1752 μὴ

165 1787 432 1884 έπάὐτοφώρῳ
457 1783 520 1874 δέ,
546 1788 614 1860 καὶ
639 1787 724 1883 περὶ
750 1788 884 1860 1011100
909 1782 1360 1884 διἰσχαριζεσθαιῶσπερ

164 1917 204 1990 εἰ
219 1919 271 2008 μὴ
293 1916 560 2013 έπάὐτοφώρῳ
579 1921 666 2010 μέν,
689 1915 882 1989 ἀπέκτεινε
903 1913 967 2005 δέ,
990 1917 1121 1990 τούτου
1145 1921 1256 1989 ἕνεκα
1271 1913 1360 1989 δέον

164 2045 285 2120 αὐτὸν
310 2047 515 2142 σῴζεσθαι.
551 2045 651 2119 Nam
672 2046 704 2118 si
726 2046 993 2143 έπάύτοφώρῳ
1014 2044 1238 2120 ἀποκτεῖναι
1257 2049 1359 2120 10010

164 2173 239 2246 dici
261 2174 407 2268 potuit,
429 2173 587 2247 fortasse
608 2196 684 2246 non
707 2173 834 2246 obstat
854 2174 1005 2268 linguae
1025 2173 1359 2268 ratio,quominus

164 2301 297 2375 verba:
324 2303 394 2376 τὸν
422 2304 600 2376 θάνατον
625 2303 694 2376 τὸν
721 2303 865 2376 ἐκείνου
893 2303 1160 2399 έπάύτοφώρῳ
1179 2328 1360 2396 μηχανω-

164 2432 285 2522 μένην
318 2430 419 2504 10101
451 2453 490 2503 00
525 2431 797 2505 000000100101.
836 2431 1039 2520 Attamen,
1073 2454 1121 2505 ne
1146 2431 1221 2503 ista
1246 2431 1361 2504 verba

164 2558 235 2631 hoc
269 2557 379 2632 modo
414 2558 674 2653 coniungenda
698 2559 779 2631 1000
805 2581 872 2631 000
899 2557 1060 2631 11010010
1084 2559 1360 2653 relinquantur,

163 2708 280 2780 quam
318 2687 482 2759 maxime
520 2686 664 2761 resistit
697 2685 816 2759 totius
850 2686 1061 2758 sententiae
1095 2685 1247 2759 indoles.
1288 2685 1360 2758 Vix

163 2814 285 2903 00110,
318 2816 359 2887 01
383 2836 431 2886 00
457 2813 521 2886 vix
548 2812 699 2906 quidem
725 2813 825 2885 credi
851 2815 997 2907 potest,
1023 2834 1244 2902 novercam,
1273 2835 1360 2885 cum

164 2941 349 3014 maritum
371 2942 453 3015 1110
473 2941 671 3036 privatura
694 2942 812 3030 esset,
835 2939 1024 3012 neminem
1038 2939 1235 3012 consilium
1248 2963 1358 3013 suum

164 3069 324 3159 celasse,
349 3068 412 3142 sed
438 3070 565 3163 palam
590 3069 685 3140 nihil
716 3068 971 3141 occultantem
997 3066 1125 3162 egisse.
1165 3065 1265 3139 Nam
1290 3068 1361 3142 hoc

162 3196 220 3267 ita
245 3193 390 3269 factum
416 3218 514 3286 esse,
541 3195 749 3268 indicarent
773 3195 909 3268 verba:
936 3195 1199 3292 ἐπάϋτοφώρῳ
1223 3224 1359 3291 μηχα-

162 3330 349 3418 νωμένην.
388 3323 616 3409 Quantocius
641 3324 759 3418 igitur
784 3323 1015 3397 divellantur
1044 3323 1136 3396 haec
1156 3325 1359 3414 vocabula,

162 3475 260 3546 quae
292 3455 338 3524 ut
370 3454 679 3545 transponantur,
718 3474 805 3524 cum
838 3452 919 3545 ipsa
953 3451 1142 3524 sententia
1171 3453 1359 3546 postulat,

163 3583 250 3652 tum
282 3579 382 3651 haud
417 3579 571 3650 minime
608 3579 742 3651 suadet
776 3579 877 3652 locus
911 3578 1043 3650 similis
1078 3581 1100 3670 ἕ
1135 3577 1156 3650 9
1190 3582 1357 3652 exstans:

163 3707 191 3779 ἃ
224 3706 378 3804 συνῄδει
413 3710 482 3780 καὶ
516 3709 692 3804 πρότερον
727 3711 792 3794 τὴν
810 3717 998 3804 ’γυναῖκα
1033 3708 1187 3797 ταύτην,
1213 3711 1358 3804 μητέρα

163 3832 206 3910 δὲ
228 3838 382 3922 τούτων,
409 3844 461 3931 τῷ
482 3838 598 3931 πατρὶ
620 3844 672 3931 τῷ
692 3839 853 3932 ἡμετέρῳ
875 3835 1052 3910 θάνατον
1072 3839 1359 3929 μηχανωμένην

163 3965 410 4062 φαρμάκοις,
436 3966 506 4038 καὶ
531 3966 600 4050 τὸν
625 3971 771 4060 πατέρα
795 3963 975 4055 ortamota
996 3960 1259 4059 ἐπάϋτοφώρῳ
1280 3986 1314 4056 q.
1330 3986 1358 4036 s.

161 4094 299 4188 Itaque
334 4093 462 4164 nullus
496 4091 648 4181 dubito,
678 4093 769 4185 quin
795 4093 897 4165 recte
922 4091 1041 4186 egerit
1066 4090 1360 4182 Herwerdenus,

161 4220 341 4316 copulans
375 4222 579 4295 vocabula:
616 4221 882 4316 ἐπάύτοφώρῳ
906 4220 1136 4311 ληφθεῖσαν,
1162 4218 1234 4290 0101
1261 4218 1374 4312 quod

161 4348 356 4444 equidem,
376 4348 520 4422 inserta
542 4372 629 4450 cum
652 4349 730 4422 cod.
756 4349 790 4421 Α
810 4349 911 4421 10101
925 4348 1056 4422 verba:
1072 4346 1168 4419 ἄλλα
1182 4347 1361 4431 πολλάκις

159 4475 348 4570 particula
381 4478 470 4562 καὶ,
505 4478 576 4552 hoc
609 4477 720 4552 modo
752 4476 929 4572 coniungi
965 4476 1115 4548 malim:
1159 4475 1252 4552 ella
1289 4477 1360 4550 καὶ
