3366 5324
744 467 792 540 35

162 657 283 731 verbo
295 656 458 746 βάλλειν
474 658 586 728 uendi
596 657 791 730 notionem
803 712 813 744 ,
824 655 1194 750 quodiautemillom
1206 656 1360 752 quidem

163 786 205 857 in
234 813 269 883 y.
295 788 319 876 5
345 787 388 874 5,
412 785 477 856 sed
501 806 579 856 non
603 784 697 856 item
721 783 762 854 in
787 783 832 874 β.
860 785 882 874 ἓ
908 782 941 855 3.
975 783 1090 868 Quasi
1113 783 1361 873 adversarius

166 935 256 986 cum
278 913 396 986 verba
412 934 437 982 a
447 933 513 983 reo
525 910 675 1004 prolata
686 909 827 1003 repetit
837 964 848 998 ,
858 933 932 982 non
948 910 1064 1004 possit
1078 911 1189 986 verbo
1202 911 1363 1002 βάλλειν

167 1041 338 1113 tribuere
370 1037 682 1133 significationem
712 1036 762 1108 ab
786 1059 852 1126 ea,
875 1059 952 1130 qua
979 1059 1065 1110 reus
1091 1061 1179 1112 usus
1203 1041 1283 1128 est,
1307 1039 1362 1111 di·

166 1167 338 1242 versam!
377 1167 466 1251 Quis
499 1165 601 1238 enim
634 1165 713 1237 tale
746 1164 836 1258 quid
870 1165 1031 1238 miretur
1063 1165 1105 1238 in
1133 1167 1364 1262 tetralogiis,

166 1317 264 1390 quae
290 1317 400 1382 eum,
425 1294 492 1387 qui
515 1315 669 1365 oausam
695 1292 807 1382 dicit,
828 1293 1019 1387 quaelibet
1040 1295 1303 1388 quoquomodo
1321 1296 1363 1367 in

169 1445 249 1495 rem
287 1445 397 1496 snam
433 1424 581 1494 vertere
618 1421 798 1510 doceant,
834 1443 920 1494 cum
953 1423 1049 1494 talia
1079 1423 1206 1518 eisque
1239 1424 1362 1497 multo

168 1551 345 1646 graviora
376 1549 494 1622 etiam
527 1549 627 1642 apud
661 1549 846 1643 sophistas
879 1553 919 1623 et
952 1550 1122 1624 rhetores
1155 1551 1361 1625 identidem

169 1681 379 1752 occurrant.
418 1677 521 1762 Quae
556 1699 643 1750 cum
677 1677 734 1748 ita
756 1677 853 1765 sint,
879 1678 986 1750 nulla
1010 1677 1232 1754 difficultate
1257 1680 1361 1754 locus

169 1808 341 1880 laborare
372 1805 544 1895 videtur,
574 1805 648 1876 nisi
681 1804 781 1898 quod
802 1806 1032 1899 particulam
1051 1810 1091 1896 ἤ,
1119 1830 1234 1902 quam
1260 1806 1362 1879 Blas-

169 1937 265 2025 sius,
294 1934 368 2007 NA
397 1927 461 2028 prJ
486 1937 656 2022 secutus,
688 1933 789 2006 male
820 1938 911 2007 ante
945 1935 1076 2009 verba:
1110 1937 1195 2010 οὔτε
1225 1935 1363 2028 ἔβαλεν

170 2066 254 2138 οὔτε
278 2062 498 2136 ἀπέκτεινεν
522 2061 701 2150 inscruit,
725 2062 959 2135 abiciendam
985 2065 1089 2158 puto·

221 2192 298 2265 Sub
323 2191 439 2263 finem
463 2190 576 2260 huius
599 2188 672 2262 loci
697 2189 807 2260 valde
829 2190 964 2279 miror,
986 2190 1196 2286 Kayserum
1216 2194 1363 2269 calamo

172 2321 347 2394 inducere
371 2319 505 2392 verba:
533 2317 682 2410 μᾶὼν
706 2313 747 2389 δὲ
774 2359 819 2370 -
842 2315 1070 2392 ἀπέκτεινεν.
1097 2318 1218 2393 Causa
1241 2322 1364 2410 enim,

172 2472 247 2545 qua
278 2449 339 2522 vir
373 2447 611 2520 doctissimus
642 2448 688 2518 ut
718 2446 775 2516 ita
807 2445 948 2520 faceret
981 2470 1060 2522 sese
1095 2447 1252 2521 ductum
1286 2471 1366 2523 esse

174 2577 387 2673 praedicat,
422 2574 499 2647 scil.
526 2573 625 2669 quod
651 2596 696 2647 ea
718 2572 834 2647 verba
857 2577 897 2648 et
922 2574 1143 2670 displiceant
1173 2579 1277 2671 post:
1307 2604 1366 2649 πι-

174 2708 266 2804 κρὸν
292 2706 439 2780 σκοπὸν
464 2705 550 2798 ἐμοὶ
575 2702 787 2786 ἀκοντίσας
812 2726 847 2797 q.
862 2727 904 2793 s.‚
929 2725 1051 2798 neque
1077 2704 1168 2777 satis
1194 2704 1368 2799 placeant

174 2839 280 2908 ante:
309 2833 501 2918 ἀκουσίως
526 2830 569 2940 δὲ
596 2835 672 2927 οὐχ
698 2825 818 2920 ἧσσον
842 2837 863 2932 ἢ
890 2832 1070 2915 ἑκουσίως
1089 2856 1125 2927 q.
1139 2855 1167 2906 s,
1191 2832 1253 2924 (cf.
1271 2833 1365 2906 Mus.

174 2962 291 3036 Rhen.
317 2962 412 3051 XII,
436 2985 521 3057 pag.
544 2960 629 3052 231)
650 2963 732 3032 tam
755 2962 813 3033 est
831 2959 973 3050 futilis,
995 2963 1041 3033 ut
1062 2961 1120 3034 vir
1144 2960 1237 3033 alias
1258 2983 1364 3056 saga·

174 3091 344 3165 cissimus
368 3091 405 3162 h.
418 3091 444 3163 l.
469 3090 692 3163 dormitasse
716 3090 912 3176 videatur..
927 3088 1027 3161 Nam
1053 3089 1181 3163 videas
1206 3112 1364 3184 quaeso,

172 3242 288 3314 quam
318 3217 508 3313 praeclare
541 3220 650 3311 pater
682 3217 813 3290 infelix
846 3216 1022 3290 acerbum
1057 3240 1168 3290 suum
1197 3217 1364 3292 dolorem

172 3347 332 3436 indicet,
366 3369 453 3418 cum
486 3345 556 3418 hoe
581 3344 658 3418 fere
683 3345 794 3419 modo
820 3345 935 3419 verba
959 3344 1093 3418 faeiat:
1126 3345 1272 3432 „laculo
1297 3369 1364 3420 suo

175 3475 387 3550 adolescens
409 3495 559 3568 scopum
587 3473 710 3562 feriit,
734 3496 811 3546 non
830 3495 943 3568 quem
964 3473 1126 3547 debebat
1147 3474 1211 3548 sed
1230 3474 1368 3567 alium,

174 3601 367 3676 funestum
403 3601 497 3672 mihi
529 3603 568 3674 et
600 3601 855 3695 peracerbum.
890 3599 952 3672 lta
986 3601 1107 3673 filium
1137 3624 1265 3675 meum
1290 3624 1367 3674 non

176 3729 238 3804 ille
263 3731 393 3804 volens
408 3727 565 3826 ,quidem
587 3728 784 3800 interemit
805 3750 946 3821 neque,
970 3731 1015 3800 ut
1035 3730 1076 3800 et
1096 3727 1134 3799 id
1155 3728 1367 3820 concedam,

175 3857 302 3932 volens
348 3856 435 3945 icit,
481 3855 544 3928 sed
591 3854 694 3927 mala
727 3854 882 3928 fortuna
913 3877 1003 3927 usus
1038 3877 1219 3949 puerum,
1249 3855 1366 3930 nihilo

175 3989 305 4059 tamen
343 3985 467 4056 minus
503 4006 617 4078 quam
643 3983 675 4055 si
700 3983 829 4057 volens
854 3982 1019 4073 fecisset,
1044 3983 1127 4058 vita
1153 3981 1365 4078 spoliavit''.

175 4113 219 4185 In
238 4114 297 4187 his
319 4111 461 4200 verbis,
481 4110 596 4184 flebili
615 4113 746 4185 tenore
763 4111 895 4200 editio,
908 4134 1024 4206 quam
1037 4111 1131 4185 bene
1146 4134 1184 4184 se
1198 4111 1365 4184 habeant

175 4242 375 4316 vocabula:
402 4239 550 4332 μᾶλλον
575 4237 639 4324 δέ,
666 4263 776 4314 nemo
803 4263 879 4314 non
905 4239 1027 4328 videt;
1052 4259 1239 4311 summam
1262 4237 1364 4312 enim

174 4391 262 4463 prae
299 4391 339 4442 se
371 4367 500 4440 lerunt
531 4367 794 4441 acerbitatem:
829 4367 976 4457 omnia,
1002 4386 1258 4461 quaecumque
1285 4365 1364 4455 vis,

174 4496 352 4572 concedo:
389 4518 466 4569 non
503 4496 631 4570 volens
664 4519 751 4570 eum
787 4496 981 4590 interfecit,
1013 4493 1105 4589 quin
1138 4491 1256 4568 etiam
1280 4493 1364 4592 plus
