3366 5324
892 490 937 563 28

832 723 935 835 ΠΙ.
962 761 1010 832 n.

375 947 414 1044 β.
442 947 522 1040 55.
550 949 572 1021 ὁ
596 946 639 1021 δὲ
665 960 760 1033 παῖς
784 951 882 1045 εἴπερ
907 948 1026 1034 ἑστὼς
1052 950 1218 1045 φανερὸς
1242 949 1336 1040 ὑμῖν
1363 949 1444 1023 ἐστὶ
1463 952 1518 1041 μὴ

322 1078 505 1170 βληθείς,
546 1079 727 1161 ἑκουσίως
769 1075 928 1156 <dmm
964 1081 1032 1166 τὴν
1067 1077 1192 1174 φοραν
1229 1086 1296 1152 τοῦ
1334 1076 1518 1150 ἀκοντίου

322 1207 504 1298 ὑπελθών,
531 1207 587 1279 ε”τι
608 1212 848 1305 σαφεστέρως
868 1205 1048 1297 δηλοῦται
1071 1204 1140 1279 δια
1159 1209 1226 1294 τὴν
1248 1206 1367 1279 αὑτοῦ
1391 1204 1513 1303 ἁμαρ-

323 1335 413 1410 τίαν
447 1335 680 1410 ἀποθανών·
710 1338 757 1410 ου’
781 1336 855 1435 γάρ
878 1336 929 1409 ἂν
957 1336 1104 1429 ἐβλήθη
1130 1334 1344 1431 ατρεμίζων
1370 1335 1440 1408 καὶ
1464 1339 1518 1428 μὴ

323 1462 553 1562 διατρίχων.
593 1463 684 1536 Cum
710 1465 928 1538 verborum:
958 1467 979 1537 ὁ
1006 1461 1048 1537 δὲ
1077 1473 1171 1548 παῖς
1189 1463 1409 1557 -βληθείς
1433 1485 1516 1536 sen-

324 1593 447 1665 tentia
466 1615 542 1665 non
563 1593 746 1665 iudicibus
768 1592 856 1665 solis
877 1591 1079 1665 manifesta
1101 1591 1171 1679 sit,
1193 1591 1257 1664 sed
1277 1590 1404 1685 potius
1416 1591 1518 1664 inter

325 1741 473 1809 omnm,
507 1742 555 1793 ne
589 1719 802 1793 adversario
836 1719 987 1812 quidem
1019 1721 1194 1814 excepto,
1220 1718 1266 1792 de
1292 1740 1355 1808 ea,
1382 1720 1518 1812 utpote

325 1847 421 1918 nulli
442 1848 594 1928 omnino
615 1848 728 1921 dubio
750 1847 929 1937 obnoxia,
950 1849 1121 1920 constare
1142 1845 1432 1941 praedicandum
1446 1845 1518 1935 sit,

324 1975 405 2047 iure
429 1974 655 2049 Iernstedtio
686 1976 889 2061 „observat
916 1975 1096 2070 Antiph.”
1123 1975 1171 2047 ad
1197 1973 1244 2046 II.
1271 2001 1308 2071 y.
1334 1974 1355 2064 ἓ
1383 1972 1403 2049 7
1430 1995 1516 2067 pag.

329 2101 393 2191 10,
419 2102 637 2196 scrupulum
662 2101 831 2176 iniecisse
856 2123 986 2176 censeo
1017 2125 1226 2196 pronomen
1250 2102 1356 2196 ὑμῖν.
1395 2102 1519 2195 Aegre

327 2233 457 2303 antem
494 2230 595 2302 inter
628 2230 728 2303 cola:
756 2230 874 2313 ἑστὼς
907 2234 1073 2327 φανερός
1107 2231 1190 2304 ἐστι
1212 2233 1263 2324 μὴ
1288 2231 1452 2323 βληθείς
1477 2231 1519 2301 et

326 2359 507 2441 ἑκουσίως
539 2356 610 2432 ὑπὸ
641 2361 708 2447 τὴν
732 2359 858 2455 φοράν
882 2369 948 2433 του
971 2358 1154 2432 οἰκοντίου
1179 2358 1354 2433 ὑπελθών
1379 2355 1519 2432 deside-

326 2489 434 2558 ratur
455 2486 656 2579 oppositio;
681 2487 891 2559 sententiae
913 2485 1140 2560 claudicanti
1155 2486 1319 2559 Blassius
1332 2485 1517 2558 hactenus

304 2614 535 2708 ,opitulatus
560 2616 637 2703 est,
663 2618 707 2686 ut
734 2618 819 2708 post
841 2615 1022 2699 ἑκουσίως
1036 2615 1215 2688 insereret
1227 2612 1452 2708 particulam
1467 2608 1517 2684 δ’.

290 2739 292 2745 ’
325 2741 402 2835 Ego
429 2761 538 2830 vero,
564 2741 630 2834 qui
656 2741 863 2836 simplicem
889 2742 1102 2816 huiusmodi
1128 2743 1421 2837 oppositionem,
1450 2761 1519 2832 per
1562 2748 1565 2753 “

326 2869 444 2942 solam
478 2867 704 2962 particulam
735 2865 770 2941 δ’
796 2869 1023 2959 indicatam,
1047 2893 1114 2965 pro
1139 2870 1213 2943 loci
1237 2873 1378 2941 natura
1401 2866 1517 2940 nimis

324 2996 515 3068 infirmam
547 2999 698 3090 putem,
732 3020 817 3071 eam
852 2998 978 3093 potius
1013 2998 1206 3088 voculam,
1231 3019 1328 3092 quae
1354 2995 1518 3068 maxime

325 3123 567 3215 desideratur,
598 3131 686 3216 μέν,
718 3124 775 3199 ita
808 3127 1061 3215 restituerim‚
1094 3129 1140 3198 ut
1173 3126 1286 3198 simul
1312 3124 1516 3197 molestum

323 3252 418 3325 illud
442 3254 538 3348 ὑμῖν
562 3258 793 3328 amoveatur.
833 3255 1005 3349 Suspicor
1030 3254 1160 3349 igitur,
1183 3252 1409 3349 particulam
1427 3256 1516 3345 μέν,

325 3381 440 3453 semel
465 3381 662 3469 omissam,
688 3383 818 3454 autin
840 3383 1007 3477 margine
1028 3386 1097 3455 ant
1119 3405 1232 3477 supra
1253 3404 1330 3456 voc.
1347 3389 1517 3478 φανερός

323 3507 551 3603 adscriptam
583 3531 678 3599 esse,
710 3508 797 3582 hinc
830 3508 870 3581 in
902 3514 1053 3584 textum
1086 3513 1274 3604 receptam
1314 3532 1392 3582 esse
1429 3511 1516 3603 post

325 3639 512 3731 φανερός,
533 3635 654 3710 alieno
675 3636 775 3726 loco,
798 3639 838 3709 et
858 3640 951 3710 tuno
972 3637 1011 3708 in
1035 3638 1129 3731 ὑμῖν
1150 3638 1301 3726 abiisse3
1326 3660 1401 3732 quo
1414 3637 1514 3710 facto

324 3762 441 3836 etiam
479 3762 600 3834 altera
637 3764 823 3858 particula
860 3761 908 3837 δι’
941 3766 1108 3838 evanuit.
1146 3766 1281 3859 Itaque
1318 3765 1515 3857 utriusque

323 3890 395 3964 viri
421 3889 626 3963 doctissimi
648 3892 887 3985 explicationi
911 3915 970 3966 me
990 3893 1202 3966 satisfacere
1223 3895 1316 3986 puto
1337 3892 1514 3987 legendo:

325 4019 346 4093 ὁ
376 4016 418 4092 δὲ
453 4030 545 4101 ιιαῑς
577 4022 677 4116 εἴπερ
710 4020 827 4105 ἑστὼς
853 4018 929 4115 μὲν
954 4024 1120 4117 φανερός
1147 4023 1228 4094 ἐστι
1254 4024 1307 4115 μὴ
1332 4020 1514 4112 βληθείς,

326 4149 508 4232 ἑκουσίως
531 4143 617 4225 (δ’)
643 4170 678 4240 q.
695 4169 723 4218 S.
1380 4139 1382 4142 ’

374 4280 396 4368 ἕ
417 4277 449 4352 9.
472 4276 625 4349 α’πολύει
646 4272 687 4347 δὲ
708 4276 778 4349 καὶ
799 4277 821 4349 ὁ
843 4281 965 4369 νόμος
976 4282 1078 4370 ἡμᾶς
1092 4335 1098 4364 ,
1112 4269 1142 4350 ὧ
1156 4279 1336 4352 πιστεύων
1349 4283 1516 4377 εἴργοντο

323 4407 417 4496 μήτε
451 4403 595 4489 οὶὸίκως
627 4411 718 4497 μήτε
751 4401 915 4490 δικαίως
948 4405 1200 4496 ἀποκτείνειν,
1236 4409 1289 4492 ὡς
1322 4413 1444 4500 φονέα
1470 4435 1517 4499 με

326 4528 466 4604 διώκει.
505 4533 584 4617 Quo
618 4532 761 4606 diutius
795 4533 894 4607 huno
927 4535 1054 4609 locum
1080 4539 1256 4608 accurata
1280 4538 1410 4612 mente
1434 4559 1516 4632 per·
