3366 5324
918 1317 960 1426 I.

393 1598 414 1687 g
441 1591 473 1664 3.
501 1590 644 1686 δέομαι
669 1581 870 1686 δ’ὑμῶνῶ
903 1590 1058 1689 ἄνδρες,
1085 1593 1155 1666 ιὀὲν
1179 1588 1365 1679 οὶιιοδιιξω
1389 1595 1430 1680 ἐξ
1456 1596 1539 1668 ἐπι-

344 1721 489 1815 βουλῆς
515 1723 584 1796 καὶ
609 1721 824 1818 προβοολῆς
849 1725 916 1811 τὴν
941 1724 1085 1796 τούτων
1101 1727 1248 1818 μητέρα
1270 1726 1394 1814 φονέα
1416 1727 1539 1797 οὖσαν

344 1859 411 1924 τοῦ
437 1855 614 1948 ἡμετέρου
640 1856 806 1948 πατρός,
835 1852 903 1924 καὶ
929 1853 980 1944 μὴ
1006 1850 1109 1936 ἅπαξ
1133 1849 1232 1922 αλλὰ
1257 1849 1441 1934 πολλάκις
1465 1849 1540 1940 ἤδη

343 1980 555 2072 ληφθεῖσαν
588 1981 658 2053 τὸν
684 1981 859 2054 θάνατον
885 1981 954 2053 τὸν
980 1981 1125 2053 ἐκείνου
1153 1977 1208 2051 ἐπ’
1233 1980 1443 2076 αὐτοφώρῳ
1466 2007 1539 2073 μη-

343 2114 599 2202 χανωμένην,
634 2119 850 2205 τιμωρῆσαι
883 2118 1032 2206 πρῶτον
1064 2107 1139 2201 μὲν
1172 2121 1256 2193 τοῖς
1288 2111 1428 2200 νόμοις
1453 2120 1542 2192 τοῖς

345 2237 541 2332 ὑμετέροις
574 2261 609 2331 q.
636 2260 664 2309 s.
683 2240 719 2330 ¹).
758 2237 803 2308 In
837 2236 948 2309 docta
975 2258 1062 2327 sua,
1089 2260 1203 2330 quam
1231 2236 1276 2309 de
1301 2235 1541 2330 Antiphonte

346 2364 564 2459 conseripsit
603 2364 875 2438 Herwerdenus
918 2363 1172 2459 disputatione
1216 2364 1366 2453 oritioa,
1397 2364 1539 2436 Mnem.

345 2491 400 2564 IX
425 2515 508 2586 pag.
539 2492 752 2582 tol-209,
778 2494 857 2583 eui,
883 2493 983 2566 unde
1008 2493 1207 2582 ordiretur,
1232 2492 1347 2588 elegit
1367 2495 1539 2564 nostram

345 2620 642 2715 paragraphum,
664 2621 722 2695 vir
743 2621 968 2694 clarissimus
990 2624 1077 2715 post
1098 2620 1231 2695 verba:
1250 2619 1343 2692 ἄλλα
1357 2619 1541 2706 πολλάκις

344 2746 415 2839 ἤδη
431 2749 642 2842 ληφθεῖσαν
663 2748 940 2843 transponenda
962 2749 1119 2821 coniecit
1142 2770 1241 2842 seqq.
1257 2751 1537 2846 ε’πάὺτοφώρῳ.

345 2877 395 2950 Et
420 2899 569 2966 revera,
595 2878 677 2971 ipsa
701 2877 846 2950 dicendi
871 2877 986 2950 ratio:
1013 2877 1235 2971 λαμβάνειν
1256 2878 1348 2951 τινα
1370 2875 1538 2951 εἰιάὒτο·

346 3009 458 3102 φώρῳ
492 3008 574 3078 tarn
610 3009 666 3078 est
699 3005 885 3100 vulgaris,
914 3007 984 3095 ut,
1020 3005 1051 3077 si
1075 3005 1247 3099 pluribus
1274 3006 1397 3080 verbis
1424 3006 1538 3080 inter-

344 3133 476 3227 positis
509 3157 593 3206 eam
626 3134 852 3229 discerptam
884 3134 1097 3224 videamus,
1136 3134 1268 3207 statim
1305 3137 1351 3206 ut
1387 3134 1538 3229 singula

346 3259 530 3334 voeabula
574 3262 655 3334 loeo
697 3283 764 3333 suo
802 3262 1067 3352 restituamur,
1105 3285 1217 3356 quam
1255 3263 1419 3335 maxime
1452 3285 1537 3356 pro·
1626 3261 1628 3266 ’

345 3389 450 3483 pensi
475 3387 603 3460 simus.
639 3389 876 3482 Itaqueiam
901 3393 991 3462 ante
1016 3389 1311 3464 Herwerdenum
1337 3390 1452 3464 verba
1478 3389 1535 3464 ἐπ’

347 3517 555 3613 αὐτοφώρῳ
582 3517 778 3610 transponi
814 3517 925 3589 iussit
959 3515 1170 3607 Lehnerus,
1199 3540 1321 3610 neque
1343 3519 1424 3590 iure
1448 3541 1537 3590 eum

345 3644 485 3718 refellit
516 3645 772 3734 Maetznerus,
802 3645 867 3738 qui
891 3667 975 3739 pag.
1006 3645 1073 3717 129
1100 3645 1274 3718 editionis
1299 3669 1388 3719 suae
1414 3646 1538 3718 multa

346 3773 515 3866 exempla
549 3795 594 3845 ex
627 3771 872 3866 Antiphontis
907 3771 1140 3845 orationibus
1176 3772 1361 3866 congessit
1394 3772 1442 3844 ad
1474 3771 1536 3845 de-

346 3899 653 3990 monstrandum,
678 3900 793 3973 verba
819 3900 1033 3991 ληφθεῑσαν
1059 3902 1099 3972 et
1124 3900 1387 3997 ἐπάιλτοφώρῳ
1409 3899 1537 3974 velsio

383 4132 411 4206 1)
440 4131 539 4186 Multis
568 4132 651 4186 rebus
681 4131 748 4186 lieet
777 4133 975 4201 praestantior,
1005 4133 1150 4202 multoque
1178 4132 1215 4186 ad
1243 4130 1425 4186 exercendam
1447 4132 1537 4185 artem

346 4222 471 4276 eritieam
498 4222 536 4275 sit
560 4221 652 4290 aptior
677 4220 783 4285 editio,
811 4238 896 4290 quam
923 4221 1032 4276 ouravit
1059 4222 1242 4276 Iernstedtius
1269 4221 1440 4291 (Petropoli:
1462 4219 1538 4288 typis

345 4311 505 4366 academiae
535 4327 679 4366 caesareae
707 4310 903 4374 scientiarum,
930 4328 955 4367 a.
978 4309 1071 4384 1880),
1092 4316 1203 4377 tamen,
1224 4312 1345 4376 veritus,
1366 4326 1402 4364 ne
1420 4308 1449 4362 in
1469 4323 1538 4378 pau·

346 4417 441 4456 corum
461 4400 589 4454 manibus
610 4400 661 4466 sit,
682 4401 760 4456 locos
780 4400 873 4455 eitabo
894 4418 928 4456 ox
947 4401 1071 4457 editione
1091 4401 1206 4468 Blasrii,
1225 4417 1297 4470 quae
1313 4399 1420 4470 prodiit
1430 4397 1538 4468 Lipsiae
1644 4437 1645 4442 ι

347 4489 377 4544 in
397 4488 512 4543 aedibus
531 4489 670 4544 Teubneri
689 4507 716 4544 a.
737 4489 818 4545 1881.
