3366 5324
926 475 949 593 4.

350 665 490 757 optime
515 665 721 759 intelliges,
746 665 796 754 si,
814 687 911 759 quae
929 665 969 736 in
988 666 1151 760 gratiam
1165 665 1300 738 codicis
1314 663 1351 737 N
1364 665 1537 759 disputat

349 791 390 862 in
422 791 664 885 praefationis
696 814 779 887 pag.
813 790 975 882 XXXV,
1001 792 1206 866 contuleris
1231 813 1318 865 eum
1345 792 1412 882 iis,
1438 815 1537 887 quae

349 921 396 991 ed
409 919 660 1015 derogandam
672 920 769 993 libro
782 919 1097 993 Aauctoritatem
1108 919 1251 1014 profert
1260 942 1344 1014 pag.
1355 920 1549 1008 XXXVII,

343 1068 418 1141 seq.
434 1088 478 1097 -
501 1045 594 1119 Cum
614 1048 731 1141 igitur
752 1048 921 1140 quaestio
942 1047 988 1120 de
1001 1048 1199 1140 utriusque
1211 1047 1299 1120 libri
1312 1047 1387 1121 MS.
1402 1049 1537 1142 prinoi-

342 1177 435 1267 patu
469 1175 526 1247 ita
558 1175 609 1248 sit
642 1177 879 1268 comparata,
914 1177 959 1246 ut
983 1175 1184 1268 unicuique
1210 1174 1307 1265 fere,
1334 1175 1419 1268 qui,
1445 1177 1535 1269 quid

343 1324 455 1396 opera
480 1306 519 1376 et
543 1302 671 1376 labore
696 1303 822 1376 sucin
845 1302 1091 1396 Antiphontis
1108 1302 1318 1374 utilitatem
1333 1303 1534 1395 extuderit,

342 1430 558 1523 prolaturus
584 1433 662 1521 est,
687 1431 765 1502 iam
789 1453 881 1524 opus
908 1430 957 1502 sit
985 1430 1150 1502 indicato
1162 1485 1171 1520 ,
1197 1432 1284 1502 utro
1309 1453 1377 1524 pro
1401 1429 1534 1503 tunda-

342 1559 472 1629 mento
503 1559 638 1629 utatur
669 1557 815 1647 codice,
849 1557 1058 1651 quibusque
1092 1556 1138 1629 de
1168 1556 1289 1629 causis
1315 1557 1372 1629 ita
1397 1557 1533 1647 iaciat,

344 1686 383 1756 et
415 1684 523 1757 nobis
557 1685 597 1756 in
631 1685 757 1758 animo
783 1688 840 1758 est
853 1657 868 1773 ‚⁰
887 1684 1065 1778 opusculo
1090 1686 1220 1756 nostro
1247 1705 1366 1777 pauca
1392 1685 1438 1758 de
1464 1686 1534 1759 hac

342 1813 561 1907 quaestione
585 1814 838 1906 praemittere.
864 1813 945 1898 Qua
970 1815 1099 1884 autem
1126 1812 1166 1883 in
1195 1834 1236 1884 re
1260 1812 1433 1907 equidem
1458 1836 1535 1886 non

343 1941 453 2038 anxie
478 1963 627 2030 omnes,
653 1964 748 2035 quae
773 1941 820 2012 ad
845 1941 1142 2033 alterutriusque
1167 1940 1302 2014 codicis
1328 1942 1533 2015 auctorita·

341 2070 421 2141 tem
454 2069 662 2164 augendam
697 2070 758 2143 vel
792 2068 1081 2142 deminuendam
1115 2067 1251 2141 adferri
1275 2070 1440 2163 possint,
1461 2071 1532 2144 leo·

341 2196 463 2269 tiones
497 2219 716 2291 congeram,
743 2197 825 2288 sed,
852 2197 996 2271 omissis
1021 2196 1093 2286 eis,
1118 2219 1215 2292 quae
1241 2197 1282 2268 in
1307 2220 1533 2292 unoquoque

343 2323 439 2396 libro
465 2347 533 2396 ms.
560 2326 783 2418 peccantur,
803 2325 844 2395 in
864 2324 1028 2396 medium
1052 2326 1207 2396 tantum
1220 2324 1420 2418 proferam,
1435 2349 1533 2419 quae

341 2473 471 2524 revera
503 2452 648 2524 faciunt
682 2452 729 2523 ad
762 2451 1066 2526 constituendam
1101 2452 1283 2524 sinceram
1317 2452 1530 2526 lectionem.

340 2576 443 2668 Huc,
477 2579 549 2651 nisi
583 2579 710 2652 omnia
742 2600 802 2651 me
836 2578 996 2669 fallunt,
1021 2579 1206 2673 imprimis
1231 2580 1414 2653 referendi
1440 2584 1531 2653 sunt

339 2705 411 2778 loci
444 2707 536 2780 satis
569 2706 706 2796 crebri,
731 2706 797 2777 ubi
822 2705 900 2778 cod.
927 2704 1143 2779 Oxoniensis
1169 2707 1317 2780 omittit
1342 2731 1405 2797 ea,
1431 2732 1530 2803 quae

339 2833 467 2906 omitti
504 2856 581 2906 non
616 2833 771 2923 volunt,
805 2831 1043 2926 Orippsianus
1077 2835 1207 2906 autem
1242 2836 1447 2912 rectissime
1483 2860 1529 2910 ea

340 2962 567 3057 suppeditat.
595 2962 729 3048 Qualia
753 2965 863 3034 sunt:

387 3093 430 3162 A.
459 3088 493 3165 δ.
523 3090 622 3182 §llz
649 3091 958 3185 ἀναμιμνῄσκων
979 3094 1048 3180 τὴν
1070 3095 1206 3181 ποινὴν
1227 3100 1407 3188 παραινῶ
1434 3094 1530 3187 ὑμῖν

653 3223 705 3314 μὴ
718 3222 786 3293 τὸν
800 3219 981 3293 α’ναίτιον
994 3221 1299 3314 καταλαβόντας
1312 3220 1384 3297 τὸν
1397 3228 1528 3297 αἴτιον

658 3360 816 3440 αφοῖναι
843 3421 844 3424 ,

387 3482 433 3550 Γ.
460 3478 505 3573 β.
533 3481 554 3571 ξ
591 3478 632 3549 4;
661 3477 831 3575 ἔγκλημα

474 3603 508 3680 ὃ.

534 3611 555 3699 ᾖ
593 3607 633 3677 5:
660 3607 728 3679 καὶ
755 3618 823 3696 τῆς
850 3605 985 3679 ἑαυτοῦ

388 3736 430 3810 V.
538 3735 637 3827 §952
664 3731 966 3832 οέραῖστῶνδετοι
989 3734 1014 3807 i.
1030 3756 1060 3806 e.
1088 3735 1230 3830 ῥᾷστόν
1256 3730 1304 3807 δέ
1325 3760 1386 3807 τοι

387 3865 449 3938 Vl.
464 3865 503 3936 in
528 3866 770 3959 argumento:
802 3862 1048 3959 ἀπολογεῖται
1083 3859 1126 3936 δὲ
1153 3865 1173 3937 ὁ
1199 3868 1369 3961 χορηγὸς
1394 3862 1528 3956 οἷονού-

664 4017 781 4087 μενος
806 3990 873 4065 τὸν
898 3994 1034 4083 φόνον.

536 4121 636 4216 gli:
664 4120 869 4207 ἐκέλευσεν,
905 4121 977 4216 ἐγὼ
1010 4120 1079 4192 οὐκ
1113 4115 1249 4190 α’δικῶ·
1278 4119 1323 4191 ου’
1347 4118 1421 4216 γάρ
1449 4119 1528 4192 ἐκέ-

660 4251 790 4324 ·λεασα.
818 4250 887 4320 καὶ
911 4255 947 4321 οἵ
969 4273 1092 4341 φασιν
1118 4233 1273 4321 οὶδιιιοῖν
1296 4253 1416 4331 εἴτις

537 4380 638 4474 §322
665 4380 827 4475 ᾐτιῶντο

385 4510 482 4586 Puto
506 4516 545 4585 et
570 4514 629 4604 te,
654 4509 835 4584 benevole
859 4507 996 4597 lector,
1021 4506 1080 4579 his
1106 4509 1328 4580 contentum
1355 4527 1435 4580 esse
1455 4526 1526 4578 nec
