3424 5320
733 687 829 798 VI.

240 898 308 990 54.
343 899 531 986 τοσαύτην
565 897 637 996 γαρ
672 897 844 994 ἀνάγκην
870 897 1035 989 ὃνόμος
1061 897 1166 990 ἔχει,
1193 898 1381 971 ὥστεκαὶ

193 1026 243 1101 ἄν
286 1026 381 1120 (lege
423 1024 498 1099 κᾶν
533 1049 617 1098 cum
654 1025 919 1117 Herwerdeno)
953 1052 1015 1110 τις
1048 1030 1174 1123 κτείνῃ
1207 1026 1295 1099 τινα
1327 1015 1382 1100 ὧν

193 1155 311 1237 αὐτὸς
335 1165 463 1250 κρατεῖ
485 1154 554 1226 καί
578 1155 631 1248 μὴ
657 1154 765 1226 ἔστιν
791 1153 813 1226 ὁ
838 1160 1080 1251 τιμωρήσων,
1107 1154 1151 1227 τὸ
1175 1156 1379 1246 νομιζόμε-

193 1309 262 1354 νον
296 1283 365 1354 καὶ
391 1283 435 1356 τὸ
462 1288 568 1356 θεῖον
597 1279 734 1365 δεδιὼς
761 1280 907 1379 ἁγνεύει
932 1309 969 1355 τε
995 1282 1132 1356 ἑαυτὸν
1157 1283 1224 1355 καὶ
1250 1281 1381 1373 ἀφέξε-

193 1439 258 1483 ται
288 1399 343 1484 ὧν
367 1413 511 1507 εἴρηται
538 1411 580 1484 ἐν
606 1417 657 1501 τῷ
681 1411 807 1504 νόμῳ,
835 1409 995 1496 ἐλπίζων
1021 1411 1140 1493 οὕτως
1165 1409 1215 1483 ἂν
1240 1409 1379 1504 ἄριστα

193 1537 348 1634 πράξειν
381 1541 482 1629 (cum
515 1519 684 1609 chreeo
710 1538 793 1631 lege
816 1540 987 1633 πρᾶξαι).
1015 1537 1133 1610 Valde
1158 1559 1307 1627 vereor,
1335 1560 1382 1610 ne

193 1687 328 1758 parum
367 1665 467 1736 recte
501 1665 591 1756 agui
623 1663 815 1752 Reiskius,
847 1663 987 1757 quique
1020 1686 1105 1736 eum
1138 1664 1257 1738 secuti
1293 1666 1383 1736 sunt

194 1791 373 1879 ediiores,
407 1790 620 1884 reponendo
653 1785 826 1862 futurum
854 1789 1028 1888 ἁγνεύσει
1053 1813 1121 1884 pro
1146 1791 1288 1864 tradito
1316 1791 1382 1890 ἁγ-

193 1919 300 1992 νεύει.
347 1917 525 2002 Quamvis
572 1917 674 1990 enim
719 1917 854 2006 sciam,
898 1917 940 1989 in
978 1917 1164 1990 codicibus
1204 1939 1383 2010 saepenu-

195 2067 297 2118 mero
325 2047 457 2117 contre
482 2045 577 2119 telis
600 2046 796 2137 peccatum
822 2065 900 2118 esse
925 2046 984 2132 et,
1008 2044 1040 2116 si
1061 2066 1135 2137 quo
1157 2044 1231 2116 alio
1254 2048 1383 2118 nostro

193 2173 294 2244 cerie
328 2171 409 2245 loco
444 2170 564 2244 futuri
590 2170 751 2243 formam
777 2172 860 2242 tam
885 2170 993 2244 facile
1018 2171 1058 2242 in
1084 2172 1290 2265 praesentis
1316 2171 1383 2269 ἁγ-

193 2299 289 2372 νεύει
325 2298 428 2370 abire
461 2296 646 2390 potuisse,
680 2299 725 2368 ut
757 2299 929 2368 nostrum
965 2319 1084 2390 paene
1117 2298 1237 2392 magis
1268 2321 1384 2395 quam

194 2426 364 2498 codicum
389 2424 459 2512 sii,
485 2423 712 2511 discernere,
738 2424 827 2494 utra
851 2422 892 2492 in
916 2425 1066 2495 textum
1091 2423 1205 2517 recipi
1230 2423 1383 2514 debent,

193 2556 323 2625 tamen
356 2551 426 2622 hoc
457 2550 538 2622 Ioco
572 2571 662 2643 pree
693 2549 824 2622 ceteris
850 2552 961 2622 cauce
987 2550 1265 2644 prudenterque
1289 2551 1383 2623 diiu-

193 2677 392 2750 dicandum
427 2698 506 2750 esse
535 2678 640 2769 puto,
667 2675 806 2748 Adesse
830 2676 932 2748 enim
956 2698 1087 2749 censeo
1113 2678 1320 2769 praesentis
1345 2681 1384 2751 et

192 2804 337 2892 futuri,
387 2803 583 2895 utriusque
633 2801 810 2895 empirice
858 2801 1031 2894 usurpadi
1081 2802 1383 2895 copulationem,

193 2930 344 3023 qualem
375 2930 492 3002 etiem
526 2927 768 3021 deprehendis
802 2927 1063 3002 Demosthenis
1096 2928 1231 3000 XVIII.
1260 2929 1382 3022 5205:

110 3076 114 3085 '
194 3054 371 3152 διαφέρει
403 3053 444 3127 δὲ
480 3055 545 3143 τίς
578 3056 639 3128 ὅτι
675 3055 695 3128 ὁ
730 3054 803 3146 μὲν
839 3067 921 3140 τοῖς
954 3065 1107 3153 γονεῦσι
1133 3058 1258 3149 μόνον
1283 3084 1383 3153 γεγε-

193 3190 337 3276 νῆσθαι
370 3185 560 3279 νομιζων,
589 3183 656 3258 τὸν
681 3194 747 3274 τῆς
771 3190 1005 3281 εἱμαρμένης
1028 3185 1095 3258 καὶ
1122 3185 1191 3260 τὸν
1216 3185 1385 3277 αὐτόμα-

192 3340 262 3386 τον
296 3311 473 3386 θάνατον
506 3317 773 3409 περιμένει,
806 3313 828 3386 ὁ
863 3309 905 3385 δὲ
933 3313 1001 3387 καὶ
1026 3322 1069 3406 τῇ
1095 3311 1269 3410 πατρίδι,
1296 3314 1385 3411 ὑπὲρ

193 3448 260 3516 τοῦ
290 3443 343 3537 μὴ
368 3444 510 3531 ταύτην
536 3440 681 3514 ἐπιδεῖν
706 3438 981 3528 δουλεύουσαν,
1007 3441 1264 3536 ἀποθνῄσκειν
1290 3443 1385 3516 ἐθε-

195 3568 349 3657 λήσει,
381 3569 452 3641 ἰιαί
486 3569 756 3665 φοβερωτέρας
790 3573 1028 3667 ἡγήσεται
1062 3569 1132 3654 τας
1158 3570 1290 3667 ὕβρεις
1316 3571 1385 3648 καὶ

195 3697 265 3782 τύς
290 3695 473 3786 α’τιμίας,
499 3694 549 3778 ἃς
574 3697 614 3768 ἐν
641 3692 861 3793 δουλευούσῃ
886 3707 929 3790 τῇ
951 3697 1052 3771 πόλει
1075 3703 1202 3795 φέρειν
1225 3698 1384 3795 ἀνάγκη.

198 3824 307 3912 „Ad”‚
333 3822 453 3912 dices,
483 3822 594 3916 „quid
620 3822 797 3916 impedit,
820 3825 1020 3916 quominus
1042 3824 1266 3898 scribamus:
1288 3852 1386 3920 περι-

194 3949 350 4044 μενεῐλ”
385 3949 462 4039 En,
495 3949 609 4021 hebes
638 3949 795 4022 candem
820 3949 941 4022 futuri
966 3953 1005 4023 ei
1028 3951 1235 4044 praesentis
1260 3973 1386 4025 conso-

195 4077 395 4154 ciationem
428 4075 593 4171 Euripid.
628 4074 813 4148 Androm..
833 4099 886 4149 vs.
914 4075 982 4148 321
1012 4099 1089 4171 sqq.
1117 4077 1188 4171 (ed.
1216 4076 1385 4172 Nauem:

292 4204 436 4278 εύκλεια
463 4202 498 4277 δ’
525 4199 587 4288 οἶς
610 4202 684 4296 μὲν
711 4200 786 4276 ἔστ’
813 4202 997 4292 α’ληθείας
1023 4202 1117 4294 ἄπο,

292 4331 650 4426 εὐδαιμονίζω·
677 4331 764 4414 τούς
790 4329 824 4404 δ’
851 4330 927 4406 ἀπὸ
953 4329 1102 4424 ψευδῶν
1127 4333 1236 4426 ἔχειν

292 4463 363 4538 οὐκ
388 4458 582 4548 ἀξιώσω
606 4460 698 4550 πλὴν
722 4460 814 4534 ὅσον
839 4459 966 4534 δοκεῖν
990 4461 1126 4553 μόνον.
