3366 5324
920 465 965 540 46

340 657 504 748 iunctio,
530 679 644 752 quam
666 679 820 750 pravam
835 657 1014 751 praebeat
1025 654 1253 730 sententiam
1267 659 1307 730 et
1319 658 1533 752 absurdam,

339 807 450 859 nemo
476 806 551 857 non
575 783 761 879 perspicit.
785 783 917 879 Neque
933 754 1062 879 ipsum
1081 783 1192 857 istius
1204 784 1531 880 interpretationis

340 919 531 1014 auctorem
557 912 595 984 id
620 911 792 1002 latuisse,
813 910 1070 1007 intellegimus
1083 933 1129 984 ex
1141 911 1405 987 adnotatione:
1424 915 1532 1002 ,sub-

340 1041 428 1114 audi
460 1040 509 1113 ad
543 1037 713 1113 daniam:
748 1039 837 1124 τοὺς
862 1036 1092 1126 διώκοντας,
1119 1039 1167 1110 ad
1192 1051 1417 1137 μαρτυρεῑνὶ
1444 1043 1533 1128 τοὺς

338 1172 665 1268 μαρτυροῦντας.”
692 1167 763 1244 Sed
787 1168 968 1262 profecte,
993 1191 1109 1261 quam
1135 1169 1300 1242 maxime
1322 1171 1532 1244 cavendum

340 1303 417 1389 est,
439 1321 487 1372 ne
511 1320 597 1371 cum
618 1297 699 1370 viro
721 1296 924 1369 clarissimo
937 1295 986 1367 ad
998 1294 1293 1386 lectionem,cui
1306 1295 1532 1386 terebrati-

340 1427 503 1500 nendam
528 1423 622 1496 talia
642 1425 770 1496 mente
782 1422 1025 1517 suppleamus
1038 1444 1136 1515 quae
1150 1423 1316 1518 suppleri
1328 1429 1531 1519 nequeant.

340 1553 490 1643 Orator,
515 1553 547 1626 si
571 1553 629 1642 id,
655 1552 755 1645 quod
778 1550 950 1624 Reiskius
974 1551 1166 1646 perhibet,
1186 1551 1307 1626 dicere
1328 1555 1532 1645 voluisset,

339 1683 440 1756 facili
464 1681 615 1776 negotio
635 1680 674 1752 id
693 1680 858 1752 indicare
878 1679 1062 1774 potuisset
1082 1680 1288 1770 scribendo,
1310 1682 1410 1776 quod
1422 1683 1532 1757 unice

339 1813 485 1884 rectum
503 1811 615 1882 esset:
639 1804 859 1881 διώκεσθαί
874 1811 996 1882 τεκαὶ
1010 1814 1317 1906 μαρτνρηθῇναι,
1330 1833 1452 1905 neque
1465 1833 1532 1884 au·

339 1938 480 2011 ditores
500 1936 669 2009 iussisset
685 1937 731 2009 de
742 1958 809 2009 suo
822 1936 971 2032 ingenio
986 1935 1121 2010 addere
1132 1959 1230 2030 quae
1242 1937 1321 2031 ipse
1332 1937 1532 2013 omisisset.

340 2065 442 2152 Quae
464 2087 550 2138 cum
572 2064 628 2135 ita
647 2064 743 2151 sint,
765 2063 937 2157 equidem
952 2063 1077 2136 nullus
1091 2063 1223 2137 dubito
1236 2119 1245 2153 ,
1259 2064 1350 2158 quin
1363 2065 1531 2160 adstipu-

340 2192 497 2266 landum
515 2192 565 2265 sit
578 2190 700 2281 alteri,
714 2213 828 2284 quam
842 2190 1076 2264 Maetznerns
1090 2190 1265 2285 praebuit
1277 2190 1530 2285 explicationi.

389 2319 533 2394 Deinde
566 2321 716 2402 autem,
752 2339 871 2411 pauca
905 2315 951 2389 de
981 2317 1182 2390 verborum
1207 2316 1335 2390 ordine
1361 2317 1531 2406 locutus,

340 2447 478 2522 subicit
519 2445 651 2518 doctus
689 2446 882 2516 oratorum
916 2442 1056 2518 editor:
1098 2444 1299 2539 ,quidquid
1336 2445 1417 2519 eius
1454 2451 1531 2535 est,

340 2571 600 2670 perspicuitati
634 2573 674 2643 et
707 2568 812 2644 mori'
830 2570 1005 2665 loquendi
1031 2575 1265 2665 naturaeque
1290 2595 1417 2645 rerum
1445 2597 1531 2648 con-

340 2703 492 2776 veniens
512 2699 573 2772 bic
594 2701 651 2770 est
670 2696 780 2786 ordo,
794 2720 906 2791 quem
920 2699 1202 2773 demonstrabo:
1218 2702 1307 2785 τούς
1324 2705 1532 2799 κρίνοντας

340 2831 410 2916 cde
444 2829 610 2922 φονικάς
643 2823 760 2910 δίκας
794 2828 873 2924 περὶ
908 2826 1079 2900 πλείστου
1114 2829 1348 2903 ποιεῖσθαι.”
1388 2829 1458 2906 Sed
1490 2833 1532 2905 in

1660 2935 1679 2963 -r

340 2962 410 3032 hac
441 2978 590 3054 quoque
615 2978 656 3028 re
680 2978 704 3026 a
728 2954 808 3028 viro
837 2953 1041 3028 clarissimo
1067 2955 1176 3029 valde
1202 2956 1390 3030 dissentio.
1430 2958 1532 3032 Nam

340 3091 409 3160 aut
443 3108 509 3181 ego
541 3084 687 3180 egregie
721 3082 844 3172 fallor,
877 3087 947 3156 aut
980 3084 1033 3169 is,
1067 3084 1131 3178 qui
1162 3085 1254 3158 haec
1280 3088 1395 3161 verba
1418 3088 1530 3177 facit,

339 3216 510 3290 consulto
535 3213 575 3285 in
600 3212 710 3284 initio
735 3212 917 3285 orationis
942 3213 1089 3306 posuit:
1117 3214 1186 3299 τοὶς
1213 3216 1377 3308 φονικάς
1403 3216 1531 3304 δίκας,

339 3348 385 3418 ut
410 3342 541 3416 statim
567 3340 806 3424 indicaretur,
832 3339 871 3410 in
896 3340 1121 3434 quibusnam
1146 3344 1267 3417 causis
1286 3367 1376 3439 prae
1397 3349 1531 3422 ceteris

338 3472 440 3546 tanti
464 3469 613 3542 intersit
639 3468 917 3552 accusatorum,
943 3471 989 3540 ut
1014 3471 1141 3542 omnia
1162 3471 1235 3544 rite
1258 3476 1296 3546 et
1317 3473 1398 3548 iure
1422 3476 1528 3552 fiant.
1652 3465 1656 3472 ’

339 3600 479 3674 Verba:
506 3597 577 3682 τοὶς
603 3595 769 3691 φονικάς
792 3593 908 3679 δίκας
929 3617 1015 3668 cum
1037 3599 1206 3693 emphasi
1228 3600 1432 3689 efferenda,
1446 3608 1530 3679 tam
1657 3681 1677 3712 ἲ

338 3732 510 3825 spectant
539 3727 587 3798 ad
618 3726 707 3811 τοὺς
741 3730 950 3824 κρίνοντας
980 3748 1094 3819 quam
1127 3727 1173 3800 ad
1208 3725 1365 3803 διώκειν
1398 3737 1531 3809 τεκαὶ

336 3867 555 3954 μαρτυρεῖν,
582 3877 668 3928 cum
693 3855 805 3927 simul
830 3875 896 3949 per
921 3855 1230 3949 anticipationem
1254 3859 1444 3952 quandam
1470 3863 1529 3935 in-

337 3989 477 4074 dicent,
512 4007 580 4058 cur
611 3982 713 4055 tanti
746 3983 885 4058 referat
918 4005 979 4056 eas
1012 3984 1184 4078 religiose
1204 3985 1277 4078 agi.
1316 3987 1397 4061 Hoc
1420 3989 1528 4064 abso.

337 4118 439 4202 luto,
474 4115 551 4187 iam
586 4111 747 4184 alteram
776 4091 1037 4206 aggrediemur
1073 4110 1353 4199 difficultatem,
1391 4140 1527 4211 quam,

337 4247 427 4341 quia
463 4243 511 4317 ab
548 4241 615 4330 iis,
652 4239 718 4333 qui
755 4238 947 4334 hucusque
984 4261 1134 4333 operam
1169 4244 1209 4313 et
1241 4241 1408 4318 laborem
1440 4245 1529 4322 huic
1646 4339 1651 4348 ρ

337 4371 499 4446 orationi
524 4365 778 4443 emendandae
803 4366 1088 4462 impenderunt,
1115 4367 1265 4464 integra
1289 4371 1421 4444 relicta
1448 4378 1527 4464 est,

337 4500 451 4573 altius
476 4494 695 4592 investigari
720 4516 869 4569 necesse
895 4496 1067 4569 arbitror.
1429 4480 1431 4484 ’
1641 4493 1650 4509 ”
