3366 5324
723 496 769 570 33

146 688 231 777 dat,
266 687 360 759 haec
393 685 508 759 verba
542 686 575 758 ei
600 685 718 758 tribui
743 687 957 780 nequeunt,
983 709 1074 758 nam
1100 709 1177 760 non
1201 687 1341 762 nititur

146 815 372 904 sanctitate,
406 814 471 888 sed
502 814 664 887 veritate
688 835 839 903 eorum,
865 835 961 908 quae
986 817 1093 908 gesta
1118 817 1217 887 sunt.
1256 815 1341 890 For·

146 947 247 1017 tasse
266 942 386 1037 igitur
398 940 592 1036 putaverit
604 941 811 1034 quispiam,
825 939 1003 1014 excidisse
1015 942 1201 1035 quaedam
1214 945 1342 1034 verba,

147 1071 281 1166 quibus
307 1069 558 1163 explicaretur
578 1066 691 1140 illud:
714 1076 791 1141 τῶν
813 1066 1128 1160 ἐπιτηδευμάτων,
1152 1074 1191 1144 et
1211 1071 1341 1145 lumen

146 1198 402 1270 effunderetur
435 1195 574 1269 verbis:
606 1198 674 1284 τὴν
707 1197 912 1289 εὐσέβειαν
947 1194 1099 1272 τούτων
1116 1207 1194 1272 τῶν
1218 1227 1341 1294 πραχ-

147 1329 306 1399 θέντων.
340 1323 418 1419 Ego
443 1346 534 1398 vero
559 1323 800 1416 crediderim,
827 1327 1016 1399 oratorem
1042 1327 1248 1421 scripsisse:
1272 1338 1341 1418 τὴν

146 1483 183 1527 τε
208 1445 278 1528 οὖν
303 1452 545 1543 ἀλήθειαν
569 1454 712 1526 τούτων
737 1461 814 1525 τῶν
840 1457 1110 1550 πραχθέντων,
1135 1457 1223 1538 κτλ,
1238 1461 1340 1551 post·

147 1603 260 1675 quam
286 1582 417 1654 autem
442 1580 564 1654 alieno
585 1579 683 1670 loce,
706 1584 751 1653 ut
772 1580 953 1672 vidimuS,
974 1582 1117 1655 inserta
1139 1587 1229 1657 sunt
1249 1583 1342 1658 haec

147 1707 280 1796 verba,
314 1708 466 1778 mutate
495 1728 575 1779 esse
606 1705 647 1778 in
668 1706 706 1779 id
729 1707 829 1801 quod
849 1708 937 1779 libri
961 1710 1160 1802 praebent,
1189 1714 1342 1806 propter
1362 1713 1364 1716 ’

146 1835 228 1926 illa,
265 1855 363 1929 quae
396 1833 565 1927 proxime
598 1833 845 1927 praecedunt:
880 1835 958 1906 ἀλλ’
993 1838 1220 1921 ἀπολύοντες
1243 1841 1340 1914 ου’σε·

148 1961 262 2054 stelas.
302 1961 340 2035 Si
364 1963 461 2034 hane
487 1961 742 2035 coniecturam
768 1963 1043 2057 amplectimur,
1070 1966 1257 2059 particula
1282 1995 1340 2058 τε,

149 2113 171 2162 a
209 2089 435 2163 Iernstedtio
470 2090 605 2182 utpote
637 2088 798 2163 molesta
831 2089 974 2181 deleta,
1008 2091 1086 2163 iam
1119 2116 1194 2167 non
1229 2095 1340 2170 modo

149 2216 254 2307 ferri,
294 2217 359 2290 sed
395 2238 443 2288 ne
482 2216 609 2288 abesse
646 2215 797 2308 quidem
835 2220 895 2288 sat
927 2221 1028 2292 recte
1061 2221 1222 2314 poterit,
1250 2223 1341 2317 quia

149 2346 281 2419 verba:
316 2351 385 2435 τήν
417 2373 456 2416 τε
490 2334 560 2416 οὖν
592 2341 781 2433 ἀλήθειαν
812 2346 955 2418 τούτων
980 2354 1059 2420 τῶν
1083 2355 1342 2445 πραχθέντων

149 2497 224 2544 una
260 2494 347 2545 cum
385 2471 547 2544 additis:
588 2473 657 2544 καὶ
692 2474 736 2544 τὸ
770 2469 928 2545 δίκαιον
961 2472 1154 2547 referenda
1179 2478 1342 2550 suntad

149 2600 391 2673 antecedens:
426 2598 689 2696 ἀπολυόμενος
722 2598 765 2673 δὲ
795 2603 870 2675 dud
901 2631 941 2674 τε
968 2615 1033 2692 τῆς
1057 2603 1242 2691 ἀληθείας
1267 2617 1343 2680 τῶν

149 2735 407 2822 πραχθέντων
431 2733 503 2801 ὑπό
530 2738 660 2802 τετοῦ
686 2733 809 2822 νόμου
836 2731 976 2804 καθ’ὃν
1002 2729 1190 2806 διώκεται.

195 2886 230 2954 γ.
257 2857 360 2949 W).
383 2856 417 2930 6.
439 2857 494 2942 εἰς
519 2866 629 2932 τοῦτο
655 2859 730 2958 peip
756 2860 897 2950 τόλμης
925 2862 995 2933 καί
1016 2859 1220 2946 ἀναιδείας
1240 2866 1339 2950 ἣκει,

150 2987 241 3060 ὥστε
272 2988 341 3059 τὸν
374 2985 448 3080 μὲν
479 2987 658 3079 βαλόντα
686 2990 754 3061 καὶ
780 2989 1061 3063 ἀποκτείναντα
1086 3017 1169 3063 ουτε
1192 2999 1339 3087 τρῶσαι

149 3117 230 3189 οὐτε
256 3115 483 3189 ἀποκτεῖναί
505 3144 614 3207 φησι,
644 3119 712 3190 τὸν
736 3116 777 3189 δὲ
804 3120 887 3191 οίιτε
913 3122 1118 3206 ψαύσαντα
1137 3127 1204 3192 τοῦ
1226 3118 1339 3194 ἀκον-

149 3245 229 3319 τίου
251 3247 336 3320 οὐτε
357 3248 614 3335 ε’πινοήσαντα
636 3245 862 3335 ἀκοντίσαι,
886 3246 1033 3336 ἀπάσης
1045 3245 1121 3338 μὲν
1133 3261 1203 3345 γῆς
1216 3247 1340 3345 ἀμαρ-

147 3380 286 3459 τόντα,
318 3375 473 3449 πάντων
507 3374 549 3449 δὲ
583 3379 788 3465 στομάτων,
815 3374 885 3449 ὃιοὶ
911 3387 988 3450 τῶν
1014 3377 1149 3450 ἑαυτοῦ
1175 3377 1341 3475 πλευρῶν

147 3501 333 3594 διαπῆξαι
354 3505 398 3577 τὸ
420 3505 607 3579 ἀκόντιον
627 3505 735 3602 λέγει.
763 3506 837 3602 ἐγὼ
859 3502 901 3578 δὲ
925 3507 1107 3591 ἑκουσίως
1119 3519 1343 3606 κατηγορῶν

147 3631 371 3706 ἀποκτεῖναι
392 3635 511 3708 αὐτὸν
532 3637 752 3730 πιστότερος
774 3634 825 3708 ἄν
845 3662 916 3726 μοι
937 3634 1039 3708 δοκῶ
1059 3633 1163 3709 εἶναι
1184 3629 1342 3727 ἤοῖιτος,

147 3763 236 3847 (dg)
259 3770 350 3855 μήτε
372 3764 513 3856 βαλεῖν
533 3779 626 3854 μητο
648 3765 882 3838 ἀποκτεῖναί
898 3794 990 3857 φησι
1010 3770 1055 3839 τὸ
1066 3768 1277 3864 μειράκιον.
1295 3809 1341 3819 -

146 3889 370 3966 ἀλλ’ἀόλιον
392 3894 470 3966 καί
483 3901 621 3989 πικρὸν
645 3898 787 3967 σκοπὸν
808 3897 895 3988 ἐμοὶ
917 3894 1131 3980 ἀκοντίσας
1152 3896 1249 3968 ἑκὼν
1266 3893 1341 3987 μὲν

146 4019 212 4090 οάκ
246 4019 454 4106 ἀπέκτεινε,
477 4021 622 4114 μᾶλλον
643 4019 686 4095 δὲ
714 4023 811 4095 ἑκὼν
834 4027 856 4112 ἢ
878 4024 962 4097 οὔτε
981 4025 1123 4116 ἔβαλεν
1144 4026 1227 4098 οὔτε
1251 4023 1339 4095 ἀπέ-

147 4173 303 4238 κτεινεν,
324 4149 515 4236 ἀκουσίως
534 4148 576 4224 δὲ
591 4153 636 4224 ουΊ
635 4181 667 4246 χ
681 4144 799 4240 ἧσσον
813 4159 833 4242 ἢ
847 4154 1027 4238 ἑκουσίως
1042 4153 1338 4234 ἀποκτείναντός

143 4303 218 4367 μου
240 4279 309 4350 τὸν
336 4276 482 4370 παῖδα,
507 4303 542 4373 q.
557 4303 586 4352 s.
611 4323 661 4333 —
684 4280 780 4354 rrid.
806 4281 977 4377 Ignatius
1004 4283 1044 4355 in
1071 4281 1333 4354 dissertatione

145 4428 213 4480 sua
243 4406 460 4502 inaugurali
491 4408 558 4496 ,de
582 4408 828 4503 Antiphontis
855 4409 1078 4483 Rhamnusii
1103 4409 1336 4518 elocutione”

145 4557 228 4630 pag.
256 4535 392 4631 l2seq.
415 4536 460 4610 de
473 4537 587 4610 verbo
599 4535 758 4630 βάλλειν
773 4536 867 4611 haec
879 4537 1056 4611 adnotat:
1074 4536 1199 4625 ,Haec
1212 4560 1285 4612 vox
1297 4536 1337 4608 in

1221 4667 1237 4715 a
