3424 5320
748 496 793 573 57

179 681 322 756 sentina
358 682 593 771 dubitarem,
631 683 704 756 nisi
741 684 780 756 id
818 706 879 758 me
916 685 1117 777 retineret,
1150 687 1249 781 quod
1287 709 1374 777 000,

178 811 281 884 unde
303 810 491 906 particula
515 839 553 884 τε
578 810 705 885 invehi
728 813 898 907 potuerit
919 813 1011 886 satis
1030 814 1232 908 perspicio,
1246 817 1286 888 et
1298 837 1375 887 me·

179 941 302 1014 moria
336 941 468 1028 teneo,
503 937 778 1034 Antiphontem
804 940 1028 1034 particulam
1055 941 1106 1031 εἰ,
1134 941 1165 1012 01
1190 941 1248 1031 id,
1275 942 1375 1036 quod

179 1065 370 1161 sequitur,
395 1065 524 1160 proonl
551 1066 602 1139 sit
626 1067 739 1140 dubio
765 1089 834 1139 000
858 1089 881 1138 0
906 1090 1098 1162 quoquam
1123 1071 1376 1163 oppugnetur,

179 1192 311 1265 addita
341 1191 503 1287 quadam
536 1193 670 1267 vooula
696 1194 936 1268 corroborare
961 1198 1000 1268 et
1025 1195 1219 1269 intendere
1245 1196 1373 1269 solere.

180 1319 323 1392 Idoiroo
348 1319 418 1392 hoo
444 1342 591 1417 quoque
616 1320 698 1394 1000
719 1321 760 1392 10
781 1342 867 1394 enm
890 1321 1003 1395 finem
1015 1317 1241 1417 particulam
1255 1344 1374 1416 qnan-

181 1446 269 1518 dam
301 1445 489 1519 adiectam
514 1446 629 1520 fuisse
655 1448 810 1522 voculae
835 1456 872 1521 εἰ
894 1473 1009 1543 quam
1036 1450 1200 1524 maxime
1225 1472 1375 1544 persua-

180 1597 266 1647 sum
299 1574 439 1664 habeo,
466 1575 506 1647 01
530 1596 617 1647 eum
643 1576 851 1670 perpendo,
878 1576 1059 1670 quidnam
1086 1577 1282 1672 aptissime
1307 1599 1375 1672 pro

180 1703 262 1776 illo
280 1730 318 1776 τε
352 1702 481 1796 reponi
506 1705 642 1796 queat,
666 1703 762 1774 nihil
786 1704 922 1777 melius
947 1705 1091 1798 010001,
1117 1727 1232 1798 qnam
1257 1705 1375 1799 parti·

181 1831 266 1904 oula
303 1858 388 1927 περ,
426 1852 523 1925 qnae
558 1830 734 1925 perfacile
767 1834 857 1905 ante
891 1831 966 1929 γάρ
1000 1833 1040 1903 10
1065 1833 1124 1923 id,
1150 1833 1249 1926 quod
1275 1856 1376 1907 nuno

180 1957 268 2030 libri
293 1958 482 2046 exhibent,
505 1959 694 2053 eorrumpi
719 1959 856 2053 potuit.
878 1959 1012 2054 ‘thue
1032 1960 1158 2033 videas
1180 1960 1277 2034 hano
1290 1983 1374 2055 par-

181 2086 339 2158 tioulam
377 2086 417 2157 01
454 2086 544 2158 alibi
581 2087 622 2157 in
659 2085 906 2181 Antiphontis
940 2086 1106 2180 reliquiis
1141 2109 1183 2160 00
1221 2110 1376 2162 munere

182 2212 308 2307 filngi,
334 2211 500 2286 conferas
526 2234 663 2308 quaeso
689 2211 756 2284 111.
784 2214 826 2305 β.
850 2213 924 2305 §fn
948 2211 1024 2286 ὁδὲ
1039 2217 1242 2313 naissitano
1257 2215 1375 2301 ἑστὼς

133 2435 148 2456 .
184 2341 351 2440 φανερὸς
374 2343 471 2436 ὑμῖν
495 2343 577 2415 ἐστὶ
601 2344 652 2433 μὴ
679 2342 857 2434 βληθείς,
887 2343 1070 2428 ἑκουσίως
1095 2342 1183 2426 <δ’>
1209 2345 1282 2418 ὑπὸ
1307 2348 1375 2434 τὴν

182 2472 308 2564 φοράν
334 2482 398 2546 τοῦ
424 2471 606 2545 ἀκοντίου
631 2472 824 2563 ὑπελθών,
851 2472 908 2545 ἔτι
933 2480 1177 2572 σαφεστέρως
1197 2471 1377 2563 δηλοῦται

183 2599 250 2674 διά
277 2604 342 2690 τὴν
367 2602 486 2676 αὑτοῦ
511 2601 709 2700 ἁμαρτίάν
734 2601 956 2676 ἀποθανών.
984 2602 1028 2675 V.
1057 2603 1157 2693 348:
1184 2607 1283 2698 εἴπερ
1302 2604 1377 2702 γοὶρ

183 2731 251 2803 καὶ
272 2743 481 2828 μαρτυρεῖν
507 2731 630 2817 ἔξεστι
655 2727 773 2825 δούλῳ
799 2731 901 2804 κατά
925 2741 992 2805 τοῦ
1014 2732 1205 2829 ἐλευθέρου
1225 2733 1293 2806 τὸν
1307 2737 1376 2824 φό-

183 2883 271 2945 νον,
310 2859 380 2932 καὶ
423 2867 474 2956 τῷ
507 2857 681 2956 δεσπότῃ,
717 2859 770 2933 ἂν
802 2857 911 2952 δοκῇ,
947 2859 1174 2952 ἐπεξελθεῖνΙ
1195 2860 1286 2956 ὑπὲρ
1310 2869 1376 2934 τοῦ

183 2985 342 3076 δούλου,
378 2989 448 3060 καὶ
482 2991 503 3077 ἡ
539 2997 665 3080 ψῆφος
699 2991 784 3060 ὶόον
818 2987 985 3062 δύναται
1019 2995 1071 3083 τῷ
1108 2985 1244 3062 δοῦλον
1280 2988 1377 3060 ἀπο-

184 3117 380 3192 κτείναντι
412 3119 479 3190 κοιὶ
504 3125 556 3213 τῷ
582 3117 798 3215 ἐλεύθερον,
825 3118 929 3201 εἰκός
954 3145 1015 3190 τοι
1036 3118 1106 3190 καὶ
1127 3130 1255 3209 (0ῆοον
1277 3122 1376 3215 γενέ-

185 3252 282 3320 σθαι
318 3248 400 3344 περὶ
426 3247 543 3322 αὐτοῦ
569 3241 634 3338 ἦν,
660 3249 729 3320 καὶ
753 3249 805 3338 μὴ
832 3246 991 3344 ἄκριτον
1017 3245 1234 3320 ἀποθανεῖν
1260 3247 1376 3320 αὐτὸν

184 3373 245 3468 ὑφ’
269 3377 389 3467 ὑμῶν.
429 3374 474 3449 V.
514 3376 624 3468 §512
664 3376 733 3449 καὶ
765 3373 840 3465 μὲν
873 3373 918 3464 δὴ
943 3375 991 3448 τοὶ
1017 3377 1056 3461 ἐξ
1080 3379 1164 3450 ἴσου
1191 3381 1377 3474 γενόμενα

184 3506 326 3601 (πρὸς)
365 3513 431 3578 τοῦ
468 3509 676 3602 φεύγοντος
708 3507 790 3578 ἐστι
822 3504 971 3597 μᾶλλον
1004 3510 1116 3596 ἢτοῦ
1143 3502 1376 3593 διώκοντος,

183 3638 283 3731 εἴπερ
318 3662 359 3730 γε
384 3635 454 3708 καὶ
479 3640 558 3706 τῶν
587 3644 723 3726 ψήφων
750 3635 771 3708 ὁ
797 3633 969 3732 ἀριθμὸς
996 3635 1035 3720 ἐξ
1062 3638 1146 3708 i'oov
1173 3638 1377 3731 γενόμενος

185 3765 252 3838 τὸν
277 3766 467 3862 φεύγοντα
493 3761 642 3855 μᾶλλον
668 3764 805 3855 ὠφελεῖ
825 3768 845 3852 ἢ
871 3765 939 3836 τὸν
965 3761 1170 3838 διώκοντα.
1200 3761 1375 3836 conferas

186 3892 322 3983 etiam,
347 3915 443 3987 quae
469 3891 515 3966 (10
536 3891 605 3964 100
626 3889 1249 3985 0001100100100000111101001110οε
1268 3887 1377 3975 „Pro-

185 4043 333 4114 gramm
367 4020 432 4093 des
457 4019 697 4115 gymnasium
728 4018 1068 4106 „Friderioianum”
1095 4041 1140 4090 zu
1164 4012 1375 4088 Laubaoh.”

185 4147 392 4220 Frankfurt
417 4149 500 4225 01Μ.
540 4147 633 4225 1879
657 4170 742 4242 pag.
771 4145 815 4217 25
839 4169 914 4241 seq.

236 4275 409 4349 Ceterum
438 4278 653 4349 memoratu
678 4274 834 4370 dignum
858 4276 972 4369 puto,
994 4274 1085 4346 duos
1107 4272 1227 4356 viros,
1243 4293 1379 4364 eosque

186 4404 232 4476 (10
268 4402 513 4497 Antiphontis
548 4403 780 4477 orationibus
815 4402 958 4497 optime
986 4401 1159 4490 meritos,
1184 4398 1379 4472 Reiskium

188 4534 227 4604 01
251 4531 464 4627 Kayserum
493 4529 598 4617 (1100,
625 4530 717 4604 adeo
743 4529 969 4603 consensisse
994 4528 1040 4602 de
1064 4527 1135 4602 hoo
1159 4528 1240 4601 1000
1264 4527 1377 4600 eomi-
