3366 5324
742 459 787 530 13

172 644 255 718 lant
282 644 503 738 Optativum
528 668 615 718 oum
639 645 826 740 particula
850 645 903 719 ἄν
929 645 1194 736 coniunctum,
1220 669 1296 740 qua
1320 648 1367 722 de

173 796 214 846 re
247 773 414 846 conferas
448 771 577 846 Cobeti
609 796 688 847 var.
724 773 811 847 leot.
846 795 930 867 pag.
967 772 1046 845 106.
1085 772 1239 845 Frustra
1264 775 1366 846 enim

173 901 304 974 dooere
335 901 555 974 crediderim
590 922 677 973 eum
706 900 897 974 Goelkelio
925 901 1041 972 etiam
1068 898 1365 996 Frohbergerum

173 1030 221 1100 ad
251 1029 383 1124 Lysiae
418 1029 545 1101 XXXI
579 1028 661 1122 §24
673 1083 683 1119 ‚
708 1028 749 1100 in
772 1027 915 1101 talibus
940 1027 1029 1099 ferri
1053 1050 1159 1122 posse
1185 1028 1366 1104 Coniunc-

172 1157 310 1231 tivum.
349 1156 486 1230 Omnes
520 1157 621 1229 enim
656 1156 750 1246 loci,
783 1156 848 1249 qui
881 1156 922 1226 in
951 1154 1134 1228 eiusmodi
1158 1156 1365 1252 iuterroga-

172 1285 339 1357 tionibus
373 1285 574 1358 seoundam
609 1287 678 1356 aut
713 1283 869 1356 tertiam
894 1304 1091 1377 personam
1118 1282 1366 1360 Coniunctivo

173 1413 414 1486 coniunctam
446 1412 648 1506 praebent,
683 1410 744 1484 vel
773 1409 952 1504 Optativo
977 1409 1057 1482 sine
1083 1409 1135 1483 ἄν
1159 1412 1367 1506 particula,

172 1562 260 1613 oum
298 1539 437 1614 Cobeto
475 1539 672 1636 depravati
711 1559 790 1612 esse
828 1537 1021 1610 statuendi
1059 1542 1180 1611 erunt.
1244 1539 1367 1615 Facile

170 1671 300 1740 autem
337 1667 559 1761 plerumque
583 1666 787 1761 genuinam
812 1665 1014 1738 lectionem
1040 1689 1259 1761 recuperare
1283 1691 1365 1762 pos-

169 1818 301 1867 sumus
338 1797 407 1869 aut
438 1792 686 1866 Coniunctivo
712 1792 752 1864 in
777 1790 964 1864 Futurum
989 1794 1174 1866 mutando
1200 1796 1269 1866 aut
1298 1794 1362 1866 ad-

169 1922 291 1996 denda
316 1921 493 2016 Optativo
519 1920 705 2014 particula
733 1919 796 1993 ἄν.

219 2050 396 2135 Quamvis
428 2042 547 2143 igitur
582 2048 623 2118 in
662 2049 882 2122 universum
916 2050 956 2121 in
989 2049 1131 2122 talibus
1165 2050 1362 2122 sententiis

169 2178 286 2251 tertia
317 2197 477 2271 persona
508 2197 658 2248 neeesse
691 2176 741 2248 sit
774 2177 1026 2271 coniungatur
1063 2199 1151 2249 oum
1185 2174 1362 2271 Optativo

172 2304 302 2376 addita
324 2303 512 2398 partic-ula
537 2301 600 2392 ἄν,
626 2305 756 2375 tamen
782 2302 852 2376 hoe
877 2304 959 2377 loeo
984 2326 1074 2397 prae
1099 2305 1230 2376 ueteris
1253 2307 1363 2378 oaute

169 2431 447 2526 prudenterque
473 2430 661 2524 agendum
687 2453 827 2505 censeo,
864 2432 966 2505 Nam
988 2433 1064 2504 alia
1085 2433 1224 2521 etiam,
1246 2453 1363 2526 eaque

169 2559 271 2631 haud
296 2562 438 2632 temere
463 2559 670 2652 spernenda
696 2563 865 2656 superest
889 2561 1005 2650 ratio,
1031 2559 1363 2654 secundumquam

168 2686 438 2760 Coniunctivus
484 2687 579 2783 ἔλθῃ
620 2687 697 2758 iam
736 2688 858 2766 multo
897 2689 1015 2783 magis
1052 2688 1197 2782 plaeere
1232 2687 1360 2780 possit.

168 2814 258 2899 Quis
294 2814 395 2886 enim
433 2816 491 2887 est
528 2814 752 2908 ἅνθρωπος,
790 2816 875 2909 qui,
914 2838 988 2909 quo
1025 2815 1100 2887 alio
1137 2836 1176 2887 se
1214 2816 1361 2902 vertat,

168 2942 310 3016 nescire
344 2940 506 3014 dieiturl
544 2941 735 3014 Nimirum
770 2943 850 3036 ipse
881 2945 1018 3016 orator.
1058 2941 1129 3014 Sed
1162 2944 1248 3013 tum
1281 2961 1362 3014 voc.
1467 2987 1469 2996 ,

168 3096 231 3154 τις
264 3071 340 3141 iam
376 3070 494 3142 valet:
532 3072 623 3166 ἐγώ,
659 3073 698 3144 et
730 3071 825 3166 ἔλθῃ
858 3097 918 3155 τις
951 3070 1052 3142 idem
1082 3071 1139 3141 est
1171 3091 1215 3141 ao
1240 3069 1362 3159 ἔλθω,

168 3219 283 3291 quam
309 3197 470 3272 formam
496 3221 540 3271 ex
564 3199 626 3287 iis,
656 3221 892 3293 quaesupra
920 3197 1194 3293 disputavimus
1219 3197 1361 3291 optime

168 3346 208 3397 se
241 3325 377 3399 habere
409 3326 584 3399 vidimus.
612 3325 657 3399 ef.
686 3324 1061 3421 soph001.Aiac.vs.
1089 3323 1181 3398 403:
1209 3337 1279 3398 ποῖ
1298 3351 1361 3410 τις

167 3457 232 3526 οὖν
246 3456 364 3551 φύῃῃ;
379 3455 587 3546 ποῑμολὼν
599 3465 719 3547 psum
736 3454 918 3549 Equidem
932 3454 1050 3549 igitur
1063 3455 1116 3526 sie
1129 3475 1277 3527 oenseo:
1293 3457 1360 3527 aut

167 3580 225 3652 ita
250 3582 511 3674 explicandum
536 3605 635 3671 esse,
657 3587 703 3656 ut
721 3582 837 3657 verba
858 3584 951 3679 πρὸς
972 3585 1088 3666 τίνας
1108 3571 1179 3656 οὖν
1191 3581 1286 3679 ἔλθῃ
1298 3609 1361 3665 τις

167 3707 340 3799 βοηθούς
360 3710 546 3784 rhetorice
566 3711 690 3804 posita
712 3710 789 3783 sint
810 3733 896 3805 pro:
919 3713 1011 3807 πρὸς
1037 3712 1151 3794 τίνας
1173 3714 1238 3784 οὖν
1257 3710 1377 3814 ἔλθω-

166 3839 360 3930 βοηθούς,
386 3842 455 3911 aut
479 3839 640 3933 probata
662 3838 797 3912 eodiois
818 3839 851 3911 A
872 3839 1046 3912 lectione:
1072 3838 1202 3926 ἔλθοι,
1225 3838 1361 3911 adden-

166 3963 254 4037 dam
282 3988 360 4039 esse
384 3970 470 4061 post
495 3989 573 4041 voa.
601 3992 663 4050 τις
687 3967 916 4061 particulam
941 3965 1002 4039 ἄν.

216 4091 390 4179 Ceterum
427 4095 468 4167 in
501 4095 744 4189 sequentibus
776 4094 1052 4167 intolerabilem
1087 4115 1165 4167 esse
1197 4090 1359 4165 formam

165 4221 325 4308 ἄλλοθι,
371 4223 575 4317 reponique
611 4244 679 4316 pro
717 4244 762 4296 ea
799 4221 951 4308 debere,
982 4221 1087 4315 'quod
1124 4218 1360 4314 proposuerit

165 4350 379 4426 Hertlinius
411 4349 574 4424 Hermae
609 4349 682 4422 XII
719 4347 842 4444 (1877)
875 4370 959 4442 pag.
1000 4348 1077 4420 182.
1105 4347 1181 4419 soil.
1209 4345 1359 4438 diibus,

163 4479 331 4556 vixerit
378 4479 477 4574 quod
503 4479 672 4574 pluribus
699 4498 886 4550 moneam.
