3424 5320
868 406 914 482 72

298 602 397 697 quod
420 602 506 681 illa:
533 609 599 675 τοῦ
626 597 667 673 δὲ
691 600 798 673 ὑετοῦ
818 603 931 672 ἕνεκα
954 595 1057 669 ταῦτ’
1081 588 1144 685 ἦν,
1165 595 1206 665 in
1226 594 1361 688 quibus
1373 593 1487 666 Hart-

299 752 432 801 manus
458 729 534 799 iam
559 727 798 821 reprehendit
819 726 1042 800 vocabulum
1065 730 1210 807 ταῦτα,
1234 721 1347 808 mihi,
1363 722 1488 794 nescio

298 855 484 950 quomodo
496 909 505 945 ,
531 855 737 948 displicent.
766 853 954 926 Audacter
979 851 1151 944 quidem,
1166 849 1229 922 sed
1242 851 1372 922 tamen
1386 851 1488 919 recte

299 1006 359 1055 me
392 1003 502 1077 agere
535 983 647 1075 puto,
680 981 854 1075 legendo:
883 976 962 1050 ἀλλ’
982 973 1150 1076 ’ἀνάγκη
1177 985 1244 1050 τοῦ
1270 977 1359 1075 γάρ
1381 977 1489 1051 ὑετοῦ

299 1116 408 1183 ἕνεκα
423 1118 534 1182 τοῦτο
548 1107 715 1206 εγίγνετο
729 1109 805 1200 (vel
818 1108 953 1180 omisso
966 1105 1186 1200 pronomine
1200 1114 1326 1178 τοῦτοῑ
1343 1107 1488 1202 ἐγένετο

300 1238 378 1310 scil.
411 1241 432 1326 ἡ
465 1239 728 1328 μετέκβασις).
765 1237 807 1308 ἐν
840 1226 869 1306 ὧ
902 1232 977 1327 μὲν
1002 1235 1077 1331 γαρ
1103 1233 1301 1324 ἐπλέομεν,
1329 1231 1488 1330 οἷστέγα-

300 1390 392 1437 στον
424 1358 470 1454 ἦν
503 1363 545 1434 τὸ
579 1366 730 1453 πλοῖον,
764 1361 819 1446 εἰς
845 1363 866 1434 ὃ
891 1359 931 1434 δὲ
957 1362 1263 1453 μετ<εξθέβημεν
1291 1361 1363 1453 (ita
1388 1361 1489 1434 enim

299 1515 384 1565 cum
433 1491 683 1565 Herwerdeno
729 1490 930 1585 legendum
973 1511 1041 1582 pro
1079 1488 1220 1562 tradito
1259 1488 1489 1582 μετέβημεν)

301 1620 588 1716 ἐστεγασμένον.
602 1621 744 1692 τούτων
759 1614 793 1689 δ’
808 1616 1042 1710 υμῑν<τους>
1053 1615 1251 1712 μάρτυρας
1262 1622 1489 1712 παρέξομαι.

349 1745 441 1837 523.
476 1750 546 1818 καὶ
578 1750 614 1818 εἴ
644 1774 694 1842 τῳ
721 1753 797 1819 τῶν
821 1743 945 1817 ἄλλων
971 1743 1096 1818 ἐδόκει
1122 1742 1251 1819 δεινὸν
1274 1743 1396 1834 εἶναι,
1422 1748 1491 1819 καὶ

302 1874 389 1966 ἐμοὶ
424 1873 576 1965 ὁμοίως.
613 1873 728 1946 Recte
762 1871 1033 1945 Herwerdenus
1059 1872 1196 1945 Mnem.
1223 1872 1277 1944 XI
1304 1895 1389 1968 pag.
1419 1874 1489 1947 210

300 2002 438 2075 delevit
470 2000 695 2075 vocabulum
720 2002 873 2094 ὁμοίως.
901 1998 972 2072 Sed
998 1999 1114 2072 etiam
1140 2004 1223 2072 turn
1251 2001 1372 2074 oratio
1398 2000 1492 2072 mihi

299 2130 413 2224 paulo
446 2130 576 2202 donus
611 2129 808 2223 procedere
843 2128 1012 2213 videtur;
1038 2149 1136 2220 quae
1162 2127 1308 2200 duritas
1333 2129 1491 2203 fortasse
1594 2179 1597 2186 -

301 2256 558 2350 mitigabitur,
595 2256 625 2327 ei
663 2256 811 2351 virgula
848 2257 938 2327 ante
972 2252 1094 2327 ἐδόκει
1128 2255 1269 2348 posita,
1303 2257 1489 2351 legemus:

302 2385 370 2456 καί
395 2388 431 2456 εἴ
451 2412 502 2478 τῳ
526 2392 604 2457 τῶν
629 2383 768 2470 ἄλλων,
799 2381 922 2456 ἐδόκει
949 2381 1079 2456 δεινὸν
1103 2380 1204 2456 εἶναι
1231 2385 1298 2456 καὶ
1324 2383 1420 2473 ἐμοί.

350 2511 443 2603 ξ24.
469 2512 536 2584 καὶ
561 2511 674 2585 ἄλλου
699 2510 855 2594 οὐδενὸς
878 2512 1080 2595 ἐθέλοντος
1102 2509 1493 2603 βαδιζειν,οὗτε,τῶν

303 2633 469 2715 ἀπὸτοῦ
496 2641 627 2715 πλοίου
654 2642 736 2714 οὔτε
757 2647 836 2712 τῶν
858 2641 961 2734 αὐτῷ
982 2651 1033 2734 τῷ
1047 2631 1199 2737 Ἡρῴδῃ
1211 2643 1489 2733 συμπλεόντων,

302 2771 373 2868 ἐγὼ
394 2771 463 2843 τὸν
476 2769 694 2843 ἀκόλουθον
706 2771 772 2843 τόν
787 2770 953 2842 ἐααυτοῦ
967 2773 1127 2859 πέμπειν
1141 2774 1295 2860 ἕτοιμος
1308 2764 1340 2860 ἦ
1355 2773 1487 2844 καίτοι

301 2898 347 2970 ου’
372 2895 491 2988 δήπου
518 2926 558 2993 γε
586 2895 668 2969 κατ’
696 2900 863 2987 ἐμαυτοῦ
884 2899 1051 2987 μηνυτὴν
1073 2898 1237 2987 ἔπεμπον
1259 2896 1381 2983 εἰδώς.
1405 2897 1491 2972 Non

302 3026 402 3097 recte
434 3023 609 3097 Reiskius
634 3025 811 3097 adnotat:
840 3033 917 3097 τῶν
943 3023 1106 3098 ἀπὸτοῦ
1132 3010 1268 3098 πλοίου
1288 3026 1364 3098 scil.
1390 3025 1493 3110 εἰςὸ

301 3152 535 3245 μετέβημεν,
562 3152 758 3224 hominum
783 3152 848 3224 illo
875 3153 1045 3246 navigio,
1070 3153 1111 3223 in
1133 3153 1231 3245 quod
1254 3154 1492 3228 transcende-

302 3302 449 3368 ramuS,
485 3279 561 3350 iam
597 3280 687 3349 ante
721 3280 937 3367 vectorum,
964 3301 1079 3372 quam
1105 3301 1172 3352 nos
1197 3279 1287 3352 illuc
1312 3280 1489 3351 transmi-

302 3428 524 3502 grassemus.
547 3404 626 3477 Nec
648 3404 783 3475 melius
805 3405 897 3476 mihi
920 3406 1041 3498 placet
1056 3405 1260 3480 Maetzneri
1274 3406 1491 3498 explicatio,

301 3534 367 3628 qui
392 3556 436 3606 ea
463 3533 577 3606 verba
602 3535 684 3603 tam
708 3531 755 3602 ad
777 3534 935 3621 nautas,
957 3556 1071 3626 quam
1094 3532 1142 3603 ad
1159 3532 1330 3605 homines
1344 3554 1390 3606 ca
1403 3534 1491 3607 navi

300 3664 426 3734 vectos
453 3661 623 3753 spectare
649 3658 714 3730 ait.
740 3658 859 3730 Adest
878 3659 1004 3752 potius
1024 3682 1068 3732 ea
1089 3659 1234 3732 dicendi
1251 3660 1361 3748 ratio,
1375 3683 1492 3754 eaque

301 3787 402 3858 haud
435 3788 515 3856 tam
549 3807 655 3873 rara,
690 3808 735 3857 ex
768 3807 844 3877 qua
877 3807 907 3857 e.
922 3808 957 3880 g.
982 3795 1024 3859 οἱ
1047 3786 1122 3860 dab
1147 3787 1278 3860 πλοιόυ
1306 3787 1492 3881 significat

299 3915 456 4001 nautae,
491 3914 535 3984 ut
568 3921 609 3984 οἱ
641 3911 715 3985 ἀπὸ
746 3912 925 4003 βήματος
958 3916 1142 4003 oratore&
1178 3924 1220 3986 οἱ
1251 3913 1326 3987 α’πὸ
1351 3925 1492 4005 σκηνῆς

298 4040 517 4128 histrione,
544 4047 587 4112 οἱ
609 4037 683 4112 ἀπὸ
704 4041 848 4132 βουλῆς
873 4043 1085 4130 sancimen,
1106 4050 1149 4114 οἱ
1168 4041 1380 4139 απὸλόγαν
1394 4042 1491 4114 viros

299 4168 438 4240 doctoa
474 4167 528 4238 Ex
560 4168 619 4239 his
652 4168 830 4260 exemplis
858 4168 970 4240 simul
995 4168 1185 4256 videmur,
1211 4171 1312 4242 inter
1336 4190 1491 4262 praepo·

300 4295 473 4367 sitionem
499 4294 575 4369 α’πό
601 4298 640 4368 et
665 4296 882 4390 genetivum
908 4296 964 4368 rei
989 4317 1012 4366 a
1036 4296 1310 4389 praepositione
1329 4295 1491 4390 penden-

300 4424 399 4505 tem,
433 4421 546 4495 inseri
578 4445 654 4496 non
688 4423 806 4496 solere
838 4423 1051 4496 articulum.
1079 4422 1183 4507 Quod
1209 4424 1240 4496 si
1265 4428 1396 4498 tamen
1426 4422 1470 4494 fit

1482 4531 1491 4563 7
