3424 5320
792 437 838 508 69

220 632 286 704 illa
324 631 438 704 verba
479 630 630 713 τούτοις
668 628 716 701 τοὶ
750 622 865 718 ψευδῆ
900 647 930 697 e.
945 648 980 718 q.
995 647 1024 696 s.
1054 625 1202 720 singula
1227 626 1412 716 habeant,

220 761 320 854 quod
358 758 429 831 sibi
466 757 516 830 sit
552 757 779 851 oppositum.
814 754 876 825 Ita
909 753 1001 824 satis
1035 752 1154 827 habco
1190 757 1411 848 corruptum

219 887 354 959 ducere
388 907 467 959 voc.
494 884 636 981 λέγειν,
664 884 816 976 eiusque
841 882 921 954 loco
947 881 1167 970 restituere,
1193 881 1292 975 quod
1318 882 1411 955 bene

218 1013 258 1084 in
295 1011 366 1085 hoc
403 1033 545 1085 conexu
578 1033 616 1084 se
651 1010 783 1082 habet:
821 1011 1013 1104 ἐλέγχειν,
1050 1007 1095 1081 de
1125 1032 1199 1102 quo
1226 1010 1337 1082 verbo
1363 1009 1409 1081 cf.

220 1161 250 1212 e.
276 1162 311 1233 g.
338 1141 359 1229 ἓ
385 1137 451 1209 84:
490 1139 558 1211 καὶ
596 1121 638 1211 οἱ
671 1142 746 1229 μὲν
783 1137 891 1210 ἄλλοι
931 1137 1131 1233 ἄνθρωποι
1165 1149 1249 1222 τοῖς
1284 1139 1411 1236 ε”ργοις

220 1265 307 1348 τούς
340 1267 478 1361 λόγους
513 1267 757 1363 ἐλέγχουσιν,
782 1253 886 1338 οὗτοι
910 1260 951 1337 δὲ
976 1277 1060 1349 τοῖς
1085 1266 1215 1363 λόγοις
1243 1266 1291 1337 τά
1317 1267 1409 1365 ἔργα

220 1398 400 1482 ζητοῦσιν
425 1393 569 1468 άπιστα
597 1393 850 1467 καθιστάναι.

268 1523 314 1594 In
351 1523 422 1611 eis,
460 1545 556 1616 quac
596 1523 825 1615 sequuntur,
853 1520 1063 1611 DobraeuS‚
1089 1521 1344 1595 Jernstedtius
1371 1526 1411 1596 et

219 1649 490 1724 Herwerdenus
516 1650 630 1723 verba
653 1646 720 1720 διά
744 1651 812 1737 τὴν
832 1656 898 1722 τού
920 1652 1101 1742 σώματος
1122 1649 1410 1740 κακοπάθειαν,

218 1776 316 1871 quod
341 1777 382 1847 in
407 1776 550 1849 tradita
575 1776 744 1850 codicum
771 1777 931 1850 lectione
951 1777 1094 1850 iustam
1115 1800 1191 1851 non
1204 1778 1411 1872 praebeant

219 1903 468 1988 sententiam,
491 1902 609 1976 deleri
631 1902 782 1989 iubent,
806 1926 880 1996 quo
902 1903 1002 1977 facto
1024 1906 1186 1998 pergunt
1208 1926 1293 1997 per:
1318 1905 1410 1979 ὄντι-

217 2031 284 2116 ὃος
297 2033 371 2128 γάρ
384 2033 474 2104 cett.
488 2030 552 2114 At,
567 2052 655 2102 cum
663 2030 956 2124 haudquaquam
966 2031 1157 2126 intellego,
1167 2031 1256 2125 quid
1269 2033 1340 2105 sibi
1348 2057 1410 2107 ve·

217 2160 265 2232 lit
278 2158 465 2254 particula
478 2159 551 2256 γάρ
565 2157 652 2250 (cui,
668 2157 698 2228 si
708 2156 798 2251 quid
808 2158 940 2248 sentio,
949 2158 1193 2252 praeferenda
1203 2162 1302 2232 esset
1311 2163 1408 2255 part.

219 2286 296 2380 δι’),
310 2291 395 2359 tum
408 2285 765 2380 periculosissimum
777 2285 911 2370 iudice,
925 2284 1052 2357 locum
1065 2284 1263 2375 difficilem,
1276 2285 1410 2360 fortas·

218 2439 257 2489 sc
265 2417 495 2508 corruptum,
508 2414 564 2485 ita
576 2435 719 2497 sanare,
733 2415 778 2483 ut
788 2412 1009 2484 inducamus
1018 2435 1278 2507 quaecumque
1286 2414 1411 2488 locum

219 2542 406 2615 difficilem
432 2540 591 2613 reddant
613 2540 737 2613 verba.
765 2539 861 2624 Quid
884 2539 985 2612 enim
1008 2539 1187 2634 impedit,
1212 2543 1412 2635 quominus

218 2671 294 2744 levi
320 2669 533 2742 mutatione
558 2669 747 2762 legamus:
775 2679 821 2721 '-
843 2666 989 2757 τάληθῆ
1016 2669 1198 2764 ἐλέγχειν·
1227 2666 1297 2741 διά
1318 2667 1411 2749 (δὲ)

219 2801 287 2885 τὴν
316 2798 583 2889 τοῦσώματος
609 2797 899 2883 κακοπάθειαν,
927 2793 1079 2879 ὄνειδος
1105 2796 1208 2890 αύτῷ
1235 2825 1273 2868 τε
1298 2798 1411 2870 cetat

268 2923 462 3011 Ceterum,
489 2925 534 2992 ut
559 2920 654 2992 nihil
677 2942 827 3010 eorum,
851 2921 1014 3014 quaeda
1037 2921 1207 2995 hocloco
1229 2923 1411 3012 sentiam,

219 3050 368 3123 silentio
394 3051 649 3142 praeteream,
676 3047 823 3141 quoties
848 3048 941 3120 haec
967 3049 1080 3122 verba
1106 3049 1312 3143 perlustr0,
1339 3049 1410 3122 dis·

219 3177 332 3272 plicet
367 3175 460 3246 mihi
493 3174 588 3247 illud
621 3175 661 3246 in
694 3173 805 3247 initio
837 3175 1005 3268 positum
1040 3184 1171 3262 τουτο,
1196 3179 1235 3249 et
1260 3176 1410 3270 quidem

219 3328 314 3389 non,
349 3302 448 3398 quod
480 3303 625 3376 duobus
650 3304 804 3375 tantum
831 3300 977 3391 verbis,
1003 3302 1080 3374 scil.
1109 3303 1182 3400 γάρ
1206 3296 1271 3394 ἢν,
1293 3303 1409 3377 inter-

218 3431 348 3526 positis
374 3430 573 3524 praecedat
598 3430 695 3503 idcm
723 3451 930 3522 pronomen
957 3431 1127 3520 τούτοις,
1153 3431 1217 3504 sed
1238 3431 1327 3525 quia
1348 3455 1410 3506 vo·

219 3557 396 3632 cabulum
430 3567 541 3631 τοῡτο
575 3559 623 3628 ad
661 3557 856 3651 sequentia
881 3558 1045 3630 relatum
1082 3581 1310 3652 concoquere
1335 3585 1410 3633 non

219 3707 382 3780 possum.
409 3682 592 3776 Equidem
619 3683 750 3776 utiquc
770 3685 1035 3776 praetulerim,
1057 3689 1143 3757 aut:
1166 3690 1317 3770 τούτοις
1339 3689 1411 3786 γάρ

221 3805 267 3903 ἦν
294 3815 503 3906 συμφέρον,
530 3819 676 3905 πρῶτον
700 3806 774 3899 μὲν
796 3811 899 3895 (ὡς)
924 3809 1287 3907 άπαρασκευότατον
1311 3839 1346 3908 q.
1370 3839 1411 3905 a,

219 3942 305 4012 aut:
333 3940 482 4023 τούτοις
508 3935 581 4035 γάρ
607 3930 653 4026 ἢν
681 3946 792 4010 τούτο
817 3943 1033 4034 συμφέρον,
1061 3950 1209 4037 πρῶτον
1221 3940 1296 4031 μὲν
1309 3948 1411 4037 (τῷ)

220 4066 585 4161 ἀπαρασκευότατον
612 4109 657 4119 -
686 4065 810 4138 ἔπειτα
839 4073 940 4160 (τῷ)
967 4076 1208 4142 κακοπαθεῖν
1225 4077 1410 4163 <με>ᾳ.ε.

218 4194 264 4266 In
296 4195 367 4268 hac
399 4198 526 4268 autem
562 4194 684 4266 altera
717 4192 933 4266 coniectura
967 4218 1173 4289 pronomen
1200 4207 1310 4270 τοῦτο
1336 4219 1410 4270 non

220 4324 387 4415 spectare
427 4321 475 4391 ad
509 4320 724 4424 sequentia,
752 4317 822 4392 'sed
855 4320 903 4392 ad
937 4344 1000 4411 ca,
1036 4344 1132 4415 quae
1166 4323 1410 4412 antecedant,

220 4450 397 4538 nonest,
423 4447 522 4541 quod
548 4435 717 4542 pluribus
739 4447 869 4519 dicam.
