3424 5320
761 406 824 500 u
878 412 881 417 ’

191 618 261 703 τὴν
293 615 493 713 ἀγγελίαν,
527 617 589 688 ὅτι
622 615 773 707 ἀφανὴς
808 620 855 689 er
861 647 880 706 η
904 618 980 710 (vel
1006 620 1128 711 ἔστιν)
1156 619 1176 691 ὁ
1202 617 1308 714 ἀνήρ’
1336 619 1381 690 ov'

191 745 265 843 γαρ
289 743 341 816 ἄν
366 772 452 818 ποτε
479 746 640 842 ᾠχόμην
665 747 794 818 πλέων.
820 745 921 818 Nam
941 747 998 818 ita
1019 747 1115 817 mihi
1135 769 1202 840 per
1214 746 1382 819 semicoli

191 874 342 968 signum
365 874 711 969 interpungendum
736 875 887 947 videtur
911 876 996 967 post
1021 876 1163 964 πλέων,
1189 875 1279 967 quia
1300 896 1381 946 ver·
1474 949 1477 955 ,

190 1004 257 1075 ba:
292 1003 338 1075 ον’
363 1003 435 1100 γάρ
460 1003 513 1077 ἄν
534 1031 619 1076 ποτε
646 1003 809 1099 ᾠχόμην
834 1003 954 1076 πλέων
981 1002 1088 1096 quasi
1114 1003 1381 1096 parentheseos

190 1130 271 1204 loco
297 1130 426 1203 addita
449 1134 550 1213 sunt.

240 1258 333 1350 §aa
360 1262 505 1333 τούτων
531 1257 573 1332 δὲ
598 1259 795 1356 μάρτυράς
820 1288 889 1352 μοι
916 1259 1032 1333 κάλει.
1057 1258 1157 1331 Scire
1179 1257 1381 1352 pervelim,

193 1386 283 1478 quid
319 1388 387 1477 sit,
415 1409 482 1460 cur
507 1386 702 1481 Antiphon
727 1390 946 1460 constanter
971 1387 1011 1458 in
1036 1386 1200 1458 formula
1225 1389 1381 1481 παρέξο-

191 1542 267 1605 μαι
288 1514 348 1587 vel
370 1521 677 1611 παρασχήσομαι
701 1515 788 1598 τοὺς
800 1515 1000 1612 μάρτυρας
1013 1571 1020 1603 ,
1035 1513 1237 1585 articulum
1251 1513 1381 1601 addat,

192 1643 350 1715 omittat
390 1645 519 1716 autem
556 1644 596 1714 in
633 1644 756 1717 verbis
765 1665 776 1714 1:
816 1644 922 1716 κάλει
959 1643 1166 1737 μάρτυρας.
1207 1640 1245 1714 Si
1281 1643 1383 1714 enim

193 1772 366 1842 nostrum
396 1773 514 1858 esset,
538 1771 742 1843 articulum
770 1773 838 1842 aut
863 1771 999 1844 addere
1026 1771 1096 1842 aut
1120 1769 1314 1858 omittere,
1339 1768 1383 1839 li-

193 1897 327 1969 benter
364 1897 533 1970 audirem
573 1897 889 1987 Schoemannum‚
928 1899 993 1992 qui
1030 1896 1077 1967 ad
1114 1895 1269 1968 Isaeum
1301 1917 1383 1989 pag.

199 2023 267 2096 190
300 2024 473 2097 adnotat:
513 2025 598 2118 ,qui
633 2025 794 2097 scribam
820 2025 962 2098 excitat
987 2023 1032 2094 ad
1061 2025 1175 2095 testes
1201 2021 1383 2094 advocan-
1441 2121 1443 2124 Ι

193 2150 279 2239 dos,
306 2154 426 2224 certos
451 2151 633 2244 quosdam
658 2152 788 2245 etqui
813 2152 900 2223 huic
926 2151 1009 2222 noti
1034 2150 1111 2222 sint
1137 2149 1246 2222 citari
1266 2149 1384 2237 iubet,

196 2278 440 2371 quamobrem
476 2279 679 2350 articulum
713 2278 801 2349 addi
834 2277 1014 2351 orationis
1048 2277 1148 2371 leges
1173 2274 1383 2370 flagitant.’'

195 2404 289 2476 Oum
315 2407 444 2477 autem
470 2406 600 2498 procul
626 2405 827 2508 dubiohac
847 2405 887 2476 in
908 2428 949 2478 re
962 2406 1126 2477 multum
1142 2403 1386 2477 tribuendum

193 2533 245 2604 sit
279 2532 383 2620 usui,
416 2534 456 2604 ct
488 2532 640 2624 quidem
667 2533 958 2626 uniuscuiusque
984 2533 1174 2626 scriptoris
1199 2533 1305 2621 usui,
1328 2531 1385 2602 in-

116 2731 120 2738 .
194 2659 424 2752 castigatum
448 2659 581 2747 velim,
603 2682 759 2732 curnam
776 2660 872 2732 varii
886 2660 1083 2752 scriptores
1096 2659 1136 2730 in
1150 2681 1226 2730 una
1239 2658 1384 2731 eadem-

194 2808 267 2879 que
299 2785 463 2858 formula
496 2787 707 2858 adhibenda
736 2790 818 2858 tam
850 2786 1092 2858 vehementer
1124 2785 1225 2858 inter
1249 2806 1288 2856 se
1312 2784 1385 2856 dis-

195 2918 357 3008 crepent.
392 2914 587 3008 Antiphon
619 2915 719 2986 enim
731 2968 740 3003 ,
774 2914 805 2985 si
831 2913 982 3006 quidem
1008 2912 1222 3001 Reutzelio,
1248 2912 1384 2985 exerci-

194 3043 385 3115 tationum
424 3042 641 3114 criticorum
678 3063 762 3135 pag.
802 3038 861 3129 66,
899 3043 1051 3113 nostrae
1089 3039 1270 3112 orationis
1294 3045 1315 3132 g
1338 3041 1382 3111 22

195 3169 368 3243 voculam
407 3171 496 3252 τούς
534 3168 711 3241 excidisse
750 3167 956 3256 statuenti,
994 3167 1263 3257 assentiemur,
1303 3167 1385 3239 ubi-

195 3320 268 3390 que
315 3297 516 3369 articulum
551 3295 657 3367 addit
691 3295 732 3365 in
764 3293 973 3366 locutione:
1009 3298 1254 3391 παρέχεσθαι
1297 3295 1386 3379 τοὺς

196 3424 412 3520 μάρτυρας,
447 3423 593 3497 omittit
627 3425 757 3494 autem
792 3421 832 3492 in
859 3420 1037 3494 formula:
1065 3421 1172 3495 κάλει
1196 3449 1265 3513 μοι
1289 3424 1386 3519 μάρ-

198 3580 335 3646 τυρας,
368 3573 465 3646 quae
490 3550 547 3622 bis
572 3551 725 3620 tantum
752 3548 953 3621 adhibetur
978 3548 1057 3638 §35
1085 3554 1124 3621 et
1152 3550 1243 3639 556.
1279 3552 1331 3623 At
1356 3550 1388 3623 si

198 3679 372 3775 inspicias
407 3675 607 3750 Andocidis
641 3675 849 3763 orationes,
883 3675 1044 3767 reperies
1081 3674 1221 3769 ubique
1252 3677 1292 3746 in
1318 3677 1388 3749 hac

199 3807 321 3880 altera
352 3804 537 3891 formula,
572 3825 662 3873 nam
691 3801 853 3896 priorem
878 3800 1193 3893 illam'sprevisse
1219 3802 1388 3892 videtur,

198 3934 325 4008 adesse
359 3931 583 4020 articulum,
608 3929 685 4002 scil.
712 3930 895 4025 περὶτῶν
920 3932 1139 4024 μυστηρίων
1164 3931 1207 4019 ἓξ
1222 3929 1278 4003 28.
1309 3927 1388 4002 123.

202 4059 289 4146 1373
323 4059 451 4132 Isaeus
483 4080 590 4145 vero,
626 4057 691 4151 qui
725 4057 943 4129 constanter
977 4055 1082 4126 addit
1115 4055 1317 4127 articulum
1350 4057 1391 4127 in

198 4187 268 4259 hac
304 4186 486 4275 formula,
518 4186 559 4256 in
593 4184 733 4258 altera:
772 4183 881 4274 (τούς)
920 4183 1120 4281 μάρτυρας
1147 4189 1392 4278 παρέχεσθαι

199 4314 371 4387 voculam
399 4314 487 4395 τούς
511 4316 593 4385 tam
619 4334 728 4405 saepe
753 4312 898 4384 omittit
925 4334 1040 4405 quam
1067 4310 1181 4382 addit.
1215 4310 1319 4395 Quod
1343 4311 1392 4382 ad

199 4440 372 4535 Lysiam:
407 4439 572 4533 quinque
615 4439 704 4512 locis
738 4439 778 4510 in
804 4439 883 4511 eius
908 4438 1141 4512 orationibus
1167 4440 1291 4511 exstat
1316 4437 1389 4511 for-
