3424 5320
897 473 943 544 52

318 655 520 749 piaculum.
551 657 672 744 Nam,
699 659 755 731 ait
779 682 884 750 reus,
910 681 1103 732 sumamus
1125 681 1185 731 me
1205 681 1337 733 revera
1355 683 1509 736 commi-

319 784 408 858 sisse
427 785 566 876 scelus,
587 789 803 861 vosautem
827 810 887 860 me
909 789 1118 862 absolvere:
1142 791 1272 861 tamen
1293 813 1370 863 non
1391 790 1509 880 vobis,

318 912 384 1005 qui
409 935 514 987 meae
538 915 748 988 narrationi
774 915 902 989 confisi
924 938 985 988 me
1007 915 1143 988 iudicio
1165 915 1413 1006 absolveritis
1431 916 1508 989 eul-

313 1062 383 1135 pae
408 1041 446 1112 id
473 1041 568 1128 erit,
591 1043 654 1115 sed
675 1043 715 1114 in
737 1066 798 1117 me
819 1044 941 1116 solum
964 1064 1094 1132 omne,
1113 1042 1212 1136 quod
1233 1042 1320 1115 inde
1341 1043 1510 1116 nascitur

313 1167 505 1260 piaculum
541 1169 786 1260 redundabit,
824 1172 958 1265 utpote
995 1170 1061 1263 qui
1094 1168 1189 1241 falsa
1223 1171 1410 1244 narrando
1443 1192 1510 1245 vos

314 1293 533 1388 deceperim.
573 1295 715 1386 Verba,
748 1319 845 1391 quae
875 1296 923 1368 ad
947 1297 1047 1369 hunc
1071 1295 1185 1369 finem
1212 1296 1392 1386 effundit,
1419 1299 1510 1368 sunt

315 1420 442 1495 haece:
478 1420 623 1506 άδίκως
654 1422 729 1516 μὲν
764 1425 839 1522 γάρ
872 1423 1100 1514 ἀπολυθείς,
1137 1423 1203 1497 διά
1239 1424 1283 1497 τὸ
1308 1427 1360 1516 μὴ
1386 1425 1510 1522 ὀρθῶς

312 1551 416 1640 ὑμᾶς
453 1549 702 1645 διδαχθῆναι
738 1553 967 1650 άιιοφογών,
1002 1563 1067 1627 τοῦ
1101 1556 1153 1645 μὴ
1179 1552 1413 1639 διδάξαντος
1439 1555 1509 1629 καὶ

315 1679 392 1772 οὐχ
416 1679 597 1776 ὑμέτερον
623 1682 690 1754 τὸν
713 1685 990 1777 προςτρόπαιον
1012 1691 1079 1756 τοῦ
1100 1681 1373 1766 ἀποθανόντος
1390 1709 1508 1755 κατα-

315 1815 457 1899 στήσω,
489 1810 530 1881 in
563 1809 698 1903 quibus
732 1808 841 1883 valde
877 1832 1028 1900 vereor,
1063 1813 1108 1883 ut
1143 1813 1245 1882 recte
1269 1810 1413 1882 tradita
1434 1810 1510 1883 sint

315 1937 399 2009 illa:
435 1947 502 2011 voe
534 1941 587 2029 μὴ
617 1935 874 2027 διδάξαντος,
908 1938 998 2032 quia
1030 1961 1115 2011 reus
1148 1959 1228 2011 sese
1261 1937 1410 2032 piaculo
1445 1936 1509 2010 ob-

316 2065 470 2138 noxium
496 2065 574 2139 lore
599 2064 761 2155 fatetur,
785 2087 862 2138 non
883 2067 1017 2159 utpote
1038 2065 1104 2158 qui
1126 2064 1241 2154 nihil,
1263 2064 1326 2138 sed
1348 2065 1510 2158 quinon

315 2196 417 2267 reete
450 2194 591 2267 iudices
625 2193 671 2266 de
698 2193 904 2266 certamine
930 2193 1111 2266 docuerit.
1145 2190 1277 2288 Neque
1301 2193 1340 2265 id
1365 2195 1510 2266 subter-

317 2320 417 2416 fugit
441 2321 656 2411 Reiskium,
680 2321 745 2415 qui
771 2320 819 2392 ad
843 2321 936 2395 haee
962 2321 1077 2395 verba
1101 2319 1277 2393 adnotat:
1302 2320 1340 2392 id
1362 2323 1421 2393 est
1443 2327 1511 2394 τοῦ

316 2451 369 2541 μὴ
405 2450 532 2546 ὀρθῶς
567 2445 821 2536 διδάξαντος,
849 2451 941 2538 ἐμοῦ
968 2445 1164 2538 δηλονόιι;
1193 2447 1256 2521 sed
1287 2447 1425 2521 vellem
1450 2448 1509 2521 vir

318 2576 556 2649 doctissimus
593 2575 687 2647 illud
721 2577 850 2672 ὀρθῶς
883 2599 959 2650 non
992 2576 1109 2650 tacite
1142 2575 1411 2670 supplevisset,
1446 2575 1511 2648 sed

318 2706 444 2799 potius
473 2705 653 2778 audacter
678 2705 718 2778 in
743 2708 854 2778 textu
880 2705 1010 2799 reponi
1036 2705 1216 2777 iussisset.
1243 2747 1290 2758 -
1310 2704 1437 2777 Aliam
1463 2703 1511 2775 ad

319 2834 457 2907 vitium
488 2833 698 2905 sanandum
723 2833 824 2907 viam
850 2833 1038 2928 ingressus
1062 2834 1121 2905 est
1146 2831 1419 2921 Jemstedtius,
1445 2831 1510 2924 qui

319 2961 384 3034 1.1.
406 2984 490 3056 pag.
522 2961 584 3051 18,
610 2960 709 3055 quod
735 2960 905 3034 omnium
930 2960 1153 3032 facillimum
1179 2962 1257 3049 est,
1284 2958 1511 3055 particulam

318 3097 370 3181 μὴ
404 3089 509 3161 uncis
543 3088 715 3161 secludit.
750 3089 795 3161 In
829 3088 900 3162 hac
930 3091 1061 3162 tamen
1094 3087 1310 3161 coniectura
1335 3086 1374 3158 id
1398 3087 1510 3160 relin-

320 3219 450 3313 quitur
482 3217 651 3307 molesti,
684 3216 783 3311 quod
817 3216 941 3306 nulla,
976 3238 1041 3290 eur
1065 3216 1216 3290 invecta
1240 3215 1291 3288 sit
1316 3218 1414 3309 part.
1438 3222 1510 3308 μή,

321 3345 448 3418 adesse
473 3343 623 3418 videtur
647 3342 748 3415 iusta
772 3365 903 3433 causa,
929 3365 1015 3416 cum
1042 3343 1157 3415 simul
1181 3343 1220 3415 id
1245 3343 1390 3433 obstet,
1411 3342 1511 3437 quod

321 3472 454 3547 verba:
479 3475 532 3564 μὴ
558 3471 704 3569 ὀρθῶς,
731 3493 846 3564 quae,
873 3471 978 3564 (quia
1003 3493 1155 3543 causam
1182 3469 1358 3542 adferunt
1384 3470 1510 3564 dictis)

321 3623 473 3676 omnem
493 3601 533 3673 in
554 3622 593 3673 se
613 3599 815 3673 conciliant
835 3598 925 3688 vim,
945 3599 1050 3673 salva
1072 3598 1262 3672 sententia
1283 3598 1413 3672 abesse
1434 3621 1510 3672 non

321 3732 489 3825 possunt.
524 3728 563 3802 Si
586 3728 657 3802 hoc
682 3726 846 3799 alterum
872 3748 947 3799 non
972 3729 1068 3800 esset
1094 3725 1310 3815 obstaculo,
1336 3726 1509 3819 equidem

324 3858 450 3953 potius
484 3880 552 3951 pro
585 3855 765 3930 vocabulo
798 3861 851 3947 μὴ
883 3855 1061 3950 legerem:
1099 3856 1213 3946 ὑμᾶς.
1247 3852 1338 3943 Sed,
1364 3857 1409 3926 ut
1434 3854 1510 3927 iam

323 3987 419 4076 dixi,
452 4007 520 4080 ego
555 3982 648 4055 mihi
680 3982 946 4055 tantummodo
971 3983 1099 4076 placeo
1125 3982 1165 4054 in
1190 3980 1377 4054 reddendo
1403 3982 1511 4053 Anti·

321 4115 474 4211 phonti:
510 4119 576 4186 τοῦ
610 4114 661 4201 μὴ
686 4111 863 4203 (ὀρθῶς)
890 4107 1229 4199 διδάξαντος,οοὶ
1256 4107 1513 4198 coniecturae,

321 4244 361 4316 in
399 4266 514 4338 quam
551 4240 694 4312 dudum
731 4238 955 4330 incideram,
990 4240 1107 4312 etiam
1144 4234 1338 4310 Reiskium
1367 4235 1514 4326 favere,

323 4395 397 4460 non
422 4373 502 4445 sine
528 4392 664 4465 magno
689 4367 940 4440 animadverti
965 4366 1112 4462 gaudie.

373 4528 407 4598 y.
434 4503 456 4591 ὅ
477 4499 510 4572 4.
534 4503 556 4573 ὁ
582 4497 624 4572 δὲ
650 4498 767 4591 μείζω
793 4485 848 4569 ὧν
872 4496 978 4585 ἤθελε
1003 4494 1169 4593 πράξας,
1194 4505 1238 4586 τῇ
1265 4493 1399 4566 ἑαυτοῦ
1423 4493 1512 4568 dw-
