<?xml version="1.0" encoding="UTF-8"?>
<!DOCTYPE html PUBLIC "-//W3C//DTD XHTML 1.0 Transitional//EN"
    "http://www.w3.org/TR/xhtml1/DTD/xhtml1-transitional.dtd">
<html xmlns="http://www.w3.org/1999/xhtml" xml:lang="en" lang="en">
 <head>
  <title>
</title>
<meta http-equiv="Content-Type" content="text/html;charset=utf-8" />
  <meta name='ocr-system' content='tesseract 3.04.00' />
  <meta name='ocr-capabilities' content='ocr_page ocr_carea ocr_par ocr_line ocrx_word'/>
</head>
<body>
  <div class='ocr_page' id='page_1' title='image "./analectaantipho00hemsgoog_0038.png"; bbox 0 0 3366 5324; ppageno 0'>
   <div class='ocr_carea' id='block_1_1' title="bbox 751 519 795 592">
    <p class='ocr_par' dir='ltr' id='par_1_1' title="bbox 751 519 795 592">
     <span class='ocr_line' id='line_1_1' title="bbox 751 519 795 592; baseline -0.023 0"><span class='ocrx_word' id='word_1_1' title='bbox 751 519 795 592; x_wconf 83' lang='lat'>25</span> 
     </span>
    </p>
   </div>
   <div class='ocr_carea' id='block_1_2' title="bbox 178 709 1375 2731">
    <p class='ocr_par' dir='ltr' id='par_1_2' title="bbox 178 709 1375 2731">
     <span class='ocr_line' id='line_1_2' title="bbox 179 709 1372 809; baseline -0.002 -23"><span class='ocrx_word' id='word_1_2' title='bbox 179 733 305 791; x_wconf 83' lang='lat' dir='ltr'>casus:</span> <span class='ocrx_word' id='word_1_3' title='bbox 334 713 452 809; x_wconf 72' lang='grc' dir='ltr'><strong><em>ταύτῃ</em></strong></span> <span class='ocrx_word' id='word_1_4' title='bbox 474 723 518 806; x_wconf 77' lang='grc' dir='ltr'>τῇ</span> <span class='ocrx_word' id='word_1_5' title='bbox 542 735 656 786; x_wconf 78' lang='grc' dir='ltr'><strong><em>νοκιι</em></strong></span> <span class='ocrx_word' id='word_1_6' title='bbox 680 714 720 784; x_wconf 87' lang='lat' dir='ltr'>et</span> <span class='ocrx_word' id='word_1_7' title='bbox 746 710 868 783; x_wconf 87' lang='lat' dir='ltr'>altera</span> <span class='ocrx_word' id='word_1_8' title='bbox 888 709 1087 783; x_wconf 82' lang='lat' dir='ltr'>difficultas</span> <span class='ocrx_word' id='word_1_9' title='bbox 1108 709 1184 782; x_wconf 89' lang='lat' dir='ltr'>iam</span> <span class='ocrx_word' id='word_1_10' title='bbox 1206 711 1372 784; x_wconf 86' lang='lat' dir='ltr'>evanuit</span> 
     </span>
     <span class='ocr_line' id='line_1_3' title="bbox 178 836 1373 932; baseline -0.003 -17"><span class='ocrx_word' id='word_1_11' title='bbox 178 841 353 915; x_wconf 80' lang='lat' dir='ltr'>Ceterum</span> <span class='ocrx_word' id='word_1_12' title='bbox 389 863 467 914; x_wconf 87' lang='lat' dir='ltr'>voc.</span> <span class='ocrx_word' id='word_1_13' title='bbox 500 837 702 916; x_wconf 75' lang='grc' dir='ltr'>καθεύδων</span> <span class='ocrx_word' id='word_1_14' title='bbox 735 862 780 914; x_wconf 87' lang='lat' dir='ltr'>ex</span> <span class='ocrx_word' id='word_1_15' title='bbox 813 861 899 913; x_wconf 91' lang='lat' dir='ltr'>mea</span> <span class='ocrx_word' id='word_1_16' title='bbox 925 837 1059 910; x_wconf 87' lang='lat' dir='ltr'>saltem</span> <span class='ocrx_word' id='word_1_17' title='bbox 1085 836 1260 932; x_wconf 93' lang='lat' dir='ltr'>opinione</span> <span class='ocrx_word' id='word_1_18' title='bbox 1285 837 1321 911; x_wconf 92' lang='lat' dir='ltr'>h.</span> <span class='ocrx_word' id='word_1_19' title='bbox 1347 838 1373 911; x_wconf 91' lang='lat'>1.</span> 
     </span>
     <span class='ocr_line' id='line_1_4' title="bbox 178 965 1374 1064; baseline -0.003 -22"><span class='ocrx_word' id='word_1_20' title='bbox 178 968 292 1064; x_wconf 91' lang='lat' dir='ltr'>paulo</span> <span class='ocrx_word' id='word_1_21' title='bbox 326 970 481 1041; x_wconf 89' lang='lat' dir='ltr'>tantum</span> <span class='ocrx_word' id='word_1_22' title='bbox 505 968 588 1062; x_wconf 88' lang='lat' dir='ltr'>plus</span> <span class='ocrx_word' id='word_1_23' title='bbox 614 969 737 1057; x_wconf 88' lang='lat' dir='ltr'>valet,</span> <span class='ocrx_word' id='word_1_24' title='bbox 763 989 878 1062; x_wconf 91' lang='lat' dir='ltr'>quam</span> <span class='ocrx_word' id='word_1_25' title='bbox 903 965 1061 1058; x_wconf 79' lang='lat' dir='ltr'><strong>simplex</strong></span> <span class='ocrx_word' id='word_1_26' title='bbox 1084 987 1165 1038; x_wconf 88' lang='lat' dir='ltr'>voc.</span> <span class='ocrx_word' id='word_1_27' title='bbox 1193 967 1258 1054; x_wconf 81' lang='grc' dir='ltr'>ὢν,</span> <span class='ocrx_word' id='word_1_28' title='bbox 1284 966 1374 1060; x_wconf 91' lang='lat' dir='ltr'>quia</span> 
     </span>
     <span class='ocr_line' id='line_1_5' title="bbox 181 1091 1373 1188; baseline -0.003 -20"><span class='ocrx_word' id='word_1_29' title='bbox 181 1095 312 1168; x_wconf 84' lang='lat' dir='ltr'>Graeci</span> <span class='ocrx_word' id='word_1_30' title='bbox 336 1097 487 1188; x_wconf 83' lang='lat' dir='ltr'>recepto</span> <span class='ocrx_word' id='word_1_31' title='bbox 514 1117 617 1167; x_wconf 88' lang='lat' dir='ltr'>more</span> <span class='ocrx_word' id='word_1_32' title='bbox 641 1118 709 1188; x_wconf 92' lang='lat' dir='ltr'>pro</span> <span class='ocrx_word' id='word_1_33' title='bbox 736 1094 850 1168; x_wconf 87' lang='lat' dir='ltr'>verbo</span> <span class='ocrx_word' id='word_1_34' title='bbox 878 1093 1024 1165; x_wconf 81' lang='lat' dir='ltr'>latioris</span> <span class='ocrx_word' id='word_1_35' title='bbox 1051 1113 1200 1181; x_wconf 87' lang='lat' dir='ltr'>sensus,</span> <span class='ocrx_word' id='word_1_36' title='bbox 1221 1092 1253 1163; x_wconf 94' lang='lat' dir='ltr'>si</span> <span class='ocrx_word' id='word_1_37' title='bbox 1274 1091 1373 1183; x_wconf 88' lang='lat' dir='ltr'>vim,</span> 
     </span>
     <span class='ocr_line' id='line_1_6' title="bbox 179 1219 1373 1318; baseline -0.003 -22"><span class='ocrx_word' id='word_1_38' title='bbox 179 1246 276 1318; x_wconf 89' lang='lat' dir='ltr'>quae</span> <span class='ocrx_word' id='word_1_39' title='bbox 301 1224 336 1297; x_wconf 91' lang='lat' dir='ltr'>ei</span> <span class='ocrx_word' id='word_1_40' title='bbox 360 1221 474 1295; x_wconf 84' lang='lat' dir='ltr'>verbo</span> <span class='ocrx_word' id='word_1_41' title='bbox 500 1222 618 1312; x_wconf 85' lang='lat' dir='ltr'>inest,</span> <span class='ocrx_word' id='word_1_42' title='bbox 644 1223 773 1294; x_wconf 86' lang='lat' dir='ltr'>efferre</span> <span class='ocrx_word' id='word_1_43' title='bbox 798 1221 953 1310; x_wconf 87' lang='lat' dir='ltr'>volunt,</span> <span class='ocrx_word' id='word_1_44' title='bbox 979 1219 1017 1291; x_wconf 92' lang='lat' dir='ltr'>id</span> <span class='ocrx_word' id='word_1_45' title='bbox 1042 1221 1189 1313; x_wconf 88' lang='lat' dir='ltr'>ponunt</span> <span class='ocrx_word' id='word_1_46' title='bbox 1214 1221 1373 1294; x_wconf 83' lang='lat' dir='ltr'>vocabu-</span> 
     </span>
     <span class='ocr_line' id='line_1_7' title="bbox 179 1349 1374 1445; baseline 0 -23"><span class='ocrx_word' id='word_1_47' title='bbox 179 1351 282 1440; x_wconf 88' lang='lat' dir='ltr'>lum,</span> <span class='ocrx_word' id='word_1_48' title='bbox 307 1349 406 1445; x_wconf 92' lang='lat' dir='ltr'>quod</span> <span class='ocrx_word' id='word_1_49' title='bbox 432 1349 551 1444; x_wconf 83' lang='lat' dir='ltr'>magis</span> <span class='ocrx_word' id='word_1_50' title='bbox 576 1350 617 1422; x_wconf 92' lang='lat' dir='ltr'>in</span> <span class='ocrx_word' id='word_1_51' title='bbox 642 1350 714 1436; x_wconf 87' lang='lat' dir='ltr'>rei,</span> <span class='ocrx_word' id='word_1_52' title='bbox 743 1349 789 1422; x_wconf 88' lang='lat' dir='ltr'>de</span> <span class='ocrx_word' id='word_1_53' title='bbox 814 1372 889 1442; x_wconf 90' lang='lat' dir='ltr'>qua</span> <span class='ocrx_word' id='word_1_54' title='bbox 914 1370 1035 1421; x_wconf 88' lang='lat' dir='ltr'>sermo</span> <span class='ocrx_word' id='word_1_55' title='bbox 1061 1349 1140 1436; x_wconf 89' lang='lat' dir='ltr'>est,</span> <span class='ocrx_word' id='word_1_56' title='bbox 1168 1349 1313 1420; x_wconf 88' lang='lat' dir='ltr'>statum</span> <span class='ocrx_word' id='word_1_57' title='bbox 1335 1353 1374 1422; x_wconf 93' lang='lat' dir='ltr'>et</span> 
     </span>
     <span class='ocr_line' id='line_1_8' title="bbox 180 1473 1373 1572; baseline -0.001 -20"><span class='ocrx_word' id='word_1_58' title='bbox 180 1478 434 1552; x_wconf 89' lang='lat' dir='ltr'>condicionem</span> <span class='ocrx_word' id='word_1_59' title='bbox 473 1478 660 1551; x_wconf 83' lang='lat' dir='ltr'>convenit.</span> <span class='ocrx_word' id='word_1_60' title='bbox 700 1477 762 1551; x_wconf 90' lang='lat' dir='ltr'>Ita</span> <span class='ocrx_word' id='word_1_61' title='bbox 798 1501 866 1572; x_wconf 90' lang='lat' dir='ltr'>pro</span> <span class='ocrx_word' id='word_1_62' title='bbox 902 1479 944 1551; x_wconf 72' lang='grc' dir='ltr'>ἐν</span> <span class='ocrx_word' id='word_1_63' title='bbox 977 1480 1072 1572; x_wconf 79' lang='grc' dir='ltr'><strong><em>οἴκῳ</em></strong></span> <span class='ocrx_word' id='word_1_64' title='bbox 1105 1473 1207 1551; x_wconf 82' lang='grc' dir='ltr'><strong><em>εἶναι</em></strong></span> <span class='ocrx_word' id='word_1_65' title='bbox 1231 1477 1373 1550; x_wconf 89' lang='lat' dir='ltr'>dictum</span> 
     </span>
     <span class='ocr_line' id='line_1_9' title="bbox 180 1601 1374 1702; baseline -0.001 -24"><span class='ocrx_word' id='word_1_66' title='bbox 180 1608 257 1678; x_wconf 83' lang='lat' dir='ltr'>est:</span> <span class='ocrx_word' id='word_1_67' title='bbox 287 1607 330 1681; x_wconf 78' lang='grc' dir='ltr'>ἐν</span> <span class='ocrx_word' id='word_1_68' title='bbox 353 1610 445 1702; x_wconf 79' lang='grc' dir='ltr'><strong><em>οἴκῳ</em></strong></span> <span class='ocrx_word' id='word_1_69' title='bbox 469 1602 694 1689; x_wconf 75' lang='grc' dir='ltr'><em>καθεύδειν,</em></span> <span class='ocrx_word' id='word_1_70' title='bbox 723 1606 824 1700; x_wconf 89' lang='lat' dir='ltr'>quia,</span> <span class='ocrx_word' id='word_1_71' title='bbox 849 1606 881 1678; x_wconf 91' lang='lat' dir='ltr'>si</span> <span class='ocrx_word' id='word_1_72' title='bbox 908 1608 1018 1678; x_wconf 87' lang='lat' dir='ltr'>nocte</span> <span class='ocrx_word' id='word_1_73' title='bbox 1044 1601 1088 1678; x_wconf 76' lang='grc' dir='ltr'>ἐν</span> <span class='ocrx_word' id='word_1_74' title='bbox 1114 1610 1206 1702; x_wconf 78' lang='grc' dir='ltr'><strong><em>οἴκῳ</em></strong></span> <span class='ocrx_word' id='word_1_75' title='bbox 1231 1628 1374 1694; x_wconf 80' lang='lat' dir='ltr'>sumas,</span> 
     </span>
     <span class='ocr_line' id='line_1_10' title="bbox 180 1732 1373 1808; baseline 0 -3"><span class='ocrx_word' id='word_1_76' title='bbox 180 1733 343 1808; x_wconf 91' lang='lat' dir='ltr'>dormire</span> <span class='ocrx_word' id='word_1_77' title='bbox 367 1734 540 1807; x_wconf 90' lang='lat' dir='ltr'>solemus.</span> <span class='ocrx_word' id='word_1_78' title='bbox 568 1734 766 1808; x_wconf 87' lang='lat' dir='ltr'>Praeterea</span> <span class='ocrx_word' id='word_1_79' title='bbox 791 1735 921 1807; x_wconf 89' lang='lat' dir='ltr'>autem</span> <span class='ocrx_word' id='word_1_80' title='bbox 943 1732 1013 1806; x_wconf 91' lang='lat' dir='ltr'>hoe</span> <span class='ocrx_word' id='word_1_81' title='bbox 1034 1732 1242 1808; x_wconf 89' lang='lat' dir='ltr'>dormiendi</span> <span class='ocrx_word' id='word_1_82' title='bbox 1265 1756 1373 1807; x_wconf 86' lang='lat' dir='ltr'>voca·</span> 
     </span>
     <span class='ocr_line' id='line_1_11' title="bbox 180 1860 1374 1955; baseline -0.002 -20"><span class='ocrx_word' id='word_1_83' title='bbox 180 1862 313 1935; x_wconf 90' lang='lat' dir='ltr'>bulum</span> <span class='ocrx_word' id='word_1_84' title='bbox 348 1860 509 1952; x_wconf 85' lang='lat' dir='ltr'>indicat,</span> <span class='ocrx_word' id='word_1_85' title='bbox 533 1884 642 1934; x_wconf 92' lang='lat' dir='ltr'>reum</span> <span class='ocrx_word' id='word_1_86' title='bbox 668 1861 814 1955; x_wconf 89' lang='lat' dir='ltr'>placido</span> <span class='ocrx_word' id='word_1_87' title='bbox 840 1861 967 1935; x_wconf 90' lang='lat' dir='ltr'>animo</span> <span class='ocrx_word' id='word_1_88' title='bbox 994 1860 1129 1951; x_wconf 86' lang='lat' dir='ltr'>fuisse,</span> <span class='ocrx_word' id='word_1_89' title='bbox 1155 1884 1232 1934; x_wconf 92' lang='lat' dir='ltr'>non</span> <span class='ocrx_word' id='word_1_90' title='bbox 1259 1863 1303 1933; x_wconf 90' lang='lat' dir='ltr'>ut</span> <span class='ocrx_word' id='word_1_91' title='bbox 1327 1860 1374 1951; x_wconf 90' lang='lat' dir='ltr'>ii,</span> 
     </span>
     <span class='ocr_line' id='line_1_12' title="bbox 178 1987 1370 2084; baseline 0 -24"><span class='ocrx_word' id='word_1_92' title='bbox 178 1989 245 2084; x_wconf 90' lang='lat' dir='ltr'>qui</span> <span class='ocrx_word' id='word_1_93' title='bbox 270 1991 354 2083; x_wconf 89' lang='lat' dir='ltr'>post</span> <span class='ocrx_word' id='word_1_94' title='bbox 380 1989 499 2062; x_wconf 87' lang='lat' dir='ltr'>scelus</span> <span class='ocrx_word' id='word_1_95' title='bbox 525 1989 768 2063; x_wconf 91' lang='lat' dir='ltr'>commissum</span> <span class='ocrx_word' id='word_1_96' title='bbox 793 1987 979 2061; x_wconf 89' lang='lat' dir='ltr'>furiarum</span> <span class='ocrx_word' id='word_1_97' title='bbox 1002 1988 1123 2060; x_wconf 87' lang='lat' dir='ltr'>taedis</span> <span class='ocrx_word' id='word_1_98' title='bbox 1150 1989 1370 2061; x_wconf 73' lang='lat' dir='ltr'><strong>ardentibus</strong></span> 
     </span>
     <span class='ocr_line' id='line_1_13' title="bbox 182 2115 1375 2211; baseline 0.003 -24"><span class='ocrx_word' id='word_1_99' title='bbox 182 2116 320 2210; x_wconf 87' lang='lat' dir='ltr'>agitati</span> <span class='ocrx_word' id='word_1_100' title='bbox 354 2139 529 2190; x_wconf 88' lang='lat' dir='ltr'>somnum</span> <span class='ocrx_word' id='word_1_101' title='bbox 556 2139 689 2211; x_wconf 82' lang='lat' dir='ltr'>capere</span> <span class='ocrx_word' id='word_1_102' title='bbox 714 2138 790 2189; x_wconf 92' lang='lat' dir='ltr'>non</span> <span class='ocrx_word' id='word_1_103' title='bbox 815 2120 982 2210; x_wconf 87' lang='lat' dir='ltr'>possunt.</span> <span class='ocrx_word' id='word_1_104' title='bbox 1008 2115 1183 2190; x_wconf 78' lang='lat' dir='ltr'>Ceterum</span> <span class='ocrx_word' id='word_1_105' title='bbox 1208 2116 1375 2190; x_wconf 80' lang='lat' dir='ltr'>conferas</span> 
     </span>
     <span class='ocr_line' id='line_1_14' title="bbox 183 2243 1373 2343; baseline 0.002 -27"><span class='ocrx_word' id='word_1_106' title='bbox 183 2245 319 2339; x_wconf 80' lang='lat' dir='ltr'>Lysiae</span> <span class='ocrx_word' id='word_1_107' title='bbox 351 2243 406 2315; x_wconf 88' lang='lat' dir='ltr'>IX</span> <span class='ocrx_word' id='word_1_108' title='bbox 439 2245 538 2336; x_wconf 66' lang='lat'>510:</span> <span class='ocrx_word' id='word_1_109' title='bbox 564 2245 603 2319; x_wconf 81' lang='grc' dir='ltr'>εἰ</span> <span class='ocrx_word' id='word_1_110' title='bbox 622 2245 696 2343; x_wconf 69' lang='grc' dir='ltr'>γάρ</span> <span class='ocrx_word' id='word_1_111' title='bbox 722 2253 890 2340; x_wconf 77' lang='grc' dir='ltr'><strong><em>φανερός</em></strong></span> <span class='ocrx_word' id='word_1_112' title='bbox 913 2243 996 2338; x_wconf 78' lang='grc' dir='ltr'><strong><em>εἰμι</em></strong></span> <span class='ocrx_word' id='word_1_113' title='bbox 1021 2248 1073 2336; x_wconf 85' lang='grc' dir='ltr'>μὴ</span> <span class='ocrx_word' id='word_1_114' title='bbox 1098 2244 1223 2318; x_wconf 78' lang='grc' dir='ltr'><strong><em>ἐλθὼν</em></strong></span> <span class='ocrx_word' id='word_1_115' title='bbox 1248 2243 1305 2330; x_wconf 77' lang='grc' dir='ltr'>εἰς</span> <span class='ocrx_word' id='word_1_116' title='bbox 1328 2243 1373 2318; x_wconf 83' lang='grc' dir='ltr'>τὸ</span> 
     </span>
     <span class='ocr_line' id='line_1_15' title="bbox 185 2370 1375 2471; baseline -0.003 -21"><span class='ocrx_word' id='word_1_117' title='bbox 185 2370 408 2470; x_wconf 76' lang='grc' dir='ltr'><strong><em>ξυνέδριον,</em></strong></span> <span class='ocrx_word' id='word_1_118' title='bbox 435 2375 456 2448; x_wconf 91' lang='grc' dir='ltr'><strong>ὁ</strong></span> <span class='ocrx_word' id='word_1_119' title='bbox 481 2371 522 2446; x_wconf 83' lang='grc' dir='ltr'>δὲ</span> <span class='ocrx_word' id='word_1_120' title='bbox 550 2374 785 2465; x_wconf 68' lang='lat' dir='ltr'>reportetis</span> <span class='ocrx_word' id='word_1_121' title='bbox 810 2374 920 2457; x_wconf 77' lang='grc' dir='ltr'><strong><em>ἐντὸς</em></strong></span> <span class='ocrx_word' id='word_1_122' title='bbox 944 2373 1256 2467; x_wconf 79' lang='grc' dir='ltr'><strong><em>πλημμελοῦντας</em></strong></span> <span class='ocrx_word' id='word_1_123' title='bbox 1281 2373 1375 2471; x_wconf 79' lang='lat' dir='ltr'>dyo-</span> 
     </span>
     <span class='ocr_line' id='line_1_16' title="bbox 183 2498 1374 2600; baseline 0.001 -24"><span class='ocrx_word' id='word_1_124' title='bbox 183 2504 278 2600; x_wconf 80' lang='grc' dir='ltr'>ρεὺει</span> <span class='ocrx_word' id='word_1_125' title='bbox 303 2505 372 2591; x_wconf 80' lang='grc' dir='ltr'>τὴν</span> <span class='ocrx_word' id='word_1_126' title='bbox 397 2504 537 2594; x_wconf 81' lang='grc' dir='ltr'><strong><em>ζημίαν</em></strong></span> <span class='ocrx_word' id='word_1_127' title='bbox 561 2502 736 2594; x_wconf 76' lang='grc' dir='ltr'><strong><em>ὀφείλειν,</em></strong></span> <span class='ocrx_word' id='word_1_128' title='bbox 750 2498 943 2592; x_wconf 76' lang='grc' dir='ltr'><strong><em>ἠδικηκὼς</em></strong></span> <span class='ocrx_word' id='word_1_129' title='bbox 955 2499 1030 2596; x_wconf 82' lang='grc' dir='ltr'>μὲν</span> <span class='ocrx_word' id='word_1_130' title='bbox 1041 2499 1155 2577; x_wconf 72' lang='grc' dir='ltr'><strong><em>οὐδὲν</em></strong></span> <span class='ocrx_word' id='word_1_131' title='bbox 1168 2505 1374 2598; x_wconf 84' lang='grc' dir='ltr'><strong><em>φαίνομαι,</em></strong></span> 
     </span>
     <span class='ocr_line' id='line_1_17' title="bbox 184 2629 1124 2731; baseline 0.002 -27"><span class='ocrx_word' id='word_1_132' title='bbox 184 2633 316 2731; x_wconf 77' lang='grc' dir='ltr'><strong><em>ἔχθρᾳ</em></strong></span> <span class='ocrx_word' id='word_1_133' title='bbox 342 2629 469 2706; x_wconf 80' lang='grc' dir='ltr'><strong><em>δ’ἄνεο</em></strong></span> <span class='ocrx_word' id='word_1_134' title='bbox 495 2636 627 2705; x_wconf 79' lang='grc' dir='ltr'><strong><em>τούτου</em></strong></span> <span class='ocrx_word' id='word_1_135' title='bbox 653 2631 881 2729; x_wconf 76' lang='grc' dir='ltr'><strong><em>παραλόγως</em></strong></span> <span class='ocrx_word' id='word_1_136' title='bbox 905 2633 1124 2725; x_wconf 77' lang='grc' dir='ltr'><strong><em>ζημιωθείς.</em></strong></span> 
     </span>
    </p>
   </div>
   <div class='ocr_carea' id='block_1_3' title="bbox 104 2760 1377 3496">
    <p class='ocr_par' dir='ltr' id='par_1_3' title="bbox 104 2760 1377 3368">
     <span class='ocr_line' id='line_1_18' title="bbox 104 2760 1377 2866; baseline 0.002 -34"><span class='ocrx_word' id='word_1_137' title='bbox 104 2857 110 2866; x_wconf 26' lang='grc'>1</span> <span class='ocrx_word' id='word_1_138' title='bbox 233 2760 356 2833; x_wconf 89' lang='lat' dir='ltr'>Verbo</span> <span class='ocrx_word' id='word_1_139' title='bbox 385 2763 538 2833; x_wconf 87' lang='lat' dir='ltr'>tantum</span> <span class='ocrx_word' id='word_1_140' title='bbox 575 2760 806 2834; x_wconf 89' lang='lat' dir='ltr'>monendum</span> <span class='ocrx_word' id='word_1_141' title='bbox 840 2763 916 2850; x_wconf 88' lang='lat' dir='ltr'>est,</span> <span class='ocrx_word' id='word_1_142' title='bbox 952 2763 1095 2834; x_wconf 87' lang='lat' dir='ltr'>certam</span> <span class='ocrx_word' id='word_1_143' title='bbox 1130 2783 1209 2833; x_wconf 88' lang='lat' dir='ltr'>esse</span> <span class='ocrx_word' id='word_1_144' title='bbox 1235 2760 1377 2834; x_wconf 79' lang='lat' dir='ltr'>Reislrii</span> 
     </span>
     <span class='ocr_line' id='line_1_19' title="bbox 183 2886 1376 2981; baseline -0.004 -17"><span class='ocrx_word' id='word_1_145' title='bbox 183 2888 506 2977; x_wconf 71' lang='lat' dir='ltr'>emendationem,</span> <span class='ocrx_word' id='word_1_146' title='bbox 528 2910 596 2981; x_wconf 92' lang='lat' dir='ltr'>pro</span> <span class='ocrx_word' id='word_1_147' title='bbox 623 2886 812 2960; x_wconf 88' lang='lat' dir='ltr'>codicum:</span> <span class='ocrx_word' id='word_1_148' title='bbox 839 2914 912 2960; x_wconf 83' lang='grc' dir='ltr'>πον</span> <span class='ocrx_word' id='word_1_149' title='bbox 937 2886 1191 2960; x_wconf 85' lang='lat' dir='ltr'>restituentis:</span> <span class='ocrx_word' id='word_1_150' title='bbox 1218 2913 1292 2960; x_wconf 82' lang='grc' dir='ltr'><strong><em>ποι.</em></strong></span> <span class='ocrx_word' id='word_1_151' title='bbox 1308 2886 1376 2959; x_wconf 86' lang='lat' dir='ltr'>Ta·</span> 
     </span>
     <span class='ocr_line' id='line_1_20' title="bbox 182 3013 1375 3105; baseline -0.003 -15"><span class='ocrx_word' id='word_1_152' title='bbox 182 3018 236 3090; x_wconf 90' lang='lat' dir='ltr'>lia</span> <span class='ocrx_word' id='word_1_153' title='bbox 262 3017 363 3090; x_wconf 91' lang='lat' dir='ltr'>enim</span> <span class='ocrx_word' id='word_1_154' title='bbox 389 3016 429 3086; x_wconf 92' lang='lat' dir='ltr'>in</span> <span class='ocrx_word' id='word_1_155' title='bbox 455 3015 558 3087; x_wconf 91' lang='lat' dir='ltr'>libris</span> <span class='ocrx_word' id='word_1_156' title='bbox 585 3013 686 3088; x_wconf 86' lang='lat' dir='ltr'>Mss.</span> <span class='ocrx_word' id='word_1_157' title='bbox 712 3015 910 3088; x_wconf 73' lang='lat' dir='ltr'>sescenties</span> <span class='ocrx_word' id='word_1_158' title='bbox 936 3013 1241 3105; x_wconf 85' lang='lat' dir='ltr'>confunduntur,</span> <span class='ocrx_word' id='word_1_159' title='bbox 1262 3014 1321 3105; x_wconf 83' lang='lat' dir='ltr'>(cl.</span> <span class='ocrx_word' id='word_1_160' title='bbox 1344 3037 1375 3089; x_wconf 90' lang='lat' dir='ltr'>e.</span> 
     </span>
     <span class='ocr_line' id='line_1_21' title="bbox 184 3140 1377 3240; baseline -0.002 -23"><span class='ocrx_word' id='word_1_161' title='bbox 184 3169 219 3240; x_wconf 84' lang='lat' dir='ltr'>g.</span> <span class='ocrx_word' id='word_1_162' title='bbox 246 3145 275 3217; x_wconf 93' lang='grc' dir='ltr'>Ι.</span> <span class='ocrx_word' id='word_1_163' title='bbox 303 3143 377 3236; x_wconf 58' lang='lat' dir='ltr'>gb:</span> <span class='ocrx_word' id='word_1_164' title='bbox 402 3143 542 3217; x_wconf 79' lang='grc' dir='ltr'><strong><em>ἄλλοθι</em></strong></span> <span class='ocrx_word' id='word_1_165' title='bbox 569 3163 654 3238; x_wconf 93' lang='lat' dir='ltr'>pro:</span> <span class='ocrx_word' id='word_1_166' title='bbox 680 3141 847 3234; x_wconf 82' lang='grc' dir='ltr'><strong><em>ἄλλοσε),</em></strong></span> <span class='ocrx_word' id='word_1_167' title='bbox 872 3140 1036 3235; x_wconf 91' lang='lat' dir='ltr'>quidque</span> <span class='ocrx_word' id='word_1_168' title='bbox 1056 3141 1293 3214; x_wconf 87' lang='lat' dir='ltr'>scribendum</span> <span class='ocrx_word' id='word_1_169' title='bbox 1314 3141 1377 3232; x_wconf 80' lang='lat' dir='ltr'>sit,</span> 
     </span>
     <span class='ocr_line' id='line_1_22' title="bbox 186 3268 1375 3368; baseline -0.001 -23"><span class='ocrx_word' id='word_1_170' title='bbox 186 3273 333 3368; x_wconf 88' lang='lat' dir='ltr'>saepius</span> <span class='ocrx_word' id='word_1_171' title='bbox 358 3275 488 3345; x_wconf 84' lang='lat' dir='ltr'>nostro</span> <span class='ocrx_word' id='word_1_172' title='bbox 514 3271 672 3344; x_wconf 87' lang='lat' dir='ltr'>arbitrio</span> <span class='ocrx_word' id='word_1_173' title='bbox 697 3292 811 3364; x_wconf 89' lang='lat' dir='ltr'>quam</span> <span class='ocrx_word' id='word_1_174' title='bbox 835 3268 1005 3342; x_wconf 87' lang='lat' dir='ltr'>codicum</span> <span class='ocrx_word' id='word_1_175' title='bbox 1026 3290 1207 3343; x_wconf 88' lang='lat' dir='ltr'>consensu</span> <span class='ocrx_word' id='word_1_176' title='bbox 1227 3270 1375 3364; x_wconf 89' lang='lat' dir='ltr'>pendet.</span> 
     </span>
    </p>

    <p class='ocr_par' dir='ltr' id='par_1_4' title="bbox 233 3397 1375 3496">
     <span class='ocr_line' id='line_1_23' title="bbox 233 3397 1375 3496; baseline 0.002 -24"><span class='ocrx_word' id='word_1_177' title='bbox 233 3399 325 3492; x_wconf 66' lang='lat'>510.</span> <span class='ocrx_word' id='word_1_178' title='bbox 354 3401 395 3473; x_wconf 80' lang='lat' dir='ltr'>r&#39;x</span> <span class='ocrx_word' id='word_1_179' title='bbox 422 3397 464 3473; x_wconf 80' lang='grc' dir='ltr'>δὲ</span> <span class='ocrx_word' id='word_1_180' title='bbox 491 3407 569 3473; x_wconf 83' lang='grc' dir='ltr'>τῶν</span> <span class='ocrx_word' id='word_1_181' title='bbox 593 3397 750 3472; x_wconf 80' lang='grc' dir='ltr'><strong><em>εἰκότων</em></strong></span> <span class='ocrx_word' id='word_1_182' title='bbox 775 3399 1095 3494; x_wconf 79' lang='grc' dir='ltr'><strong><em>αροςιιοιούμονοί</em></strong></span> <span class='ocrx_word' id='word_1_183' title='bbox 1112 3426 1161 3493; x_wconf 80' lang='grc' dir='ltr'>με</span> <span class='ocrx_word' id='word_1_184' title='bbox 1187 3399 1375 3496; x_wconf 77' lang='grc' dir='ltr'><strong><em>ἐλέγχειν,</em></strong></span> 
     </span>
    </p>
   </div>
   <div class='ocr_carea' id='block_1_4' title="bbox 185 3525 1379 4648">
    <p class='ocr_par' dir='ltr' id='par_1_5' title="bbox 185 3525 1379 4648">
     <span class='ocr_line' id='line_1_24' title="bbox 185 3525 1373 3625; baseline 0.001 -24"><span class='ocrx_word' id='word_1_185' title='bbox 185 3527 252 3601; x_wconf 75' lang='grc' dir='ltr'>οὐκ</span> <span class='ocrx_word' id='word_1_186' title='bbox 279 3527 435 3612; x_wconf 80' lang='grc' dir='ltr'><strong><em>εἰκότως</em></strong></span> <span class='ocrx_word' id='word_1_187' title='bbox 460 3525 539 3600; x_wconf 73' lang='grc' dir='ltr'>ἀλλ’</span> <span class='ocrx_word' id='word_1_188' title='bbox 565 3528 687 3611; x_wconf 79' lang='grc' dir='ltr'><strong><em>ὄντως</em></strong></span> <span class='ocrx_word' id='word_1_189' title='bbox 711 3531 833 3620; x_wconf 80' lang='grc' dir='ltr'><strong><em>φονέα</em></strong></span> <span class='ocrx_word' id='word_1_190' title='bbox 853 3535 906 3622; x_wconf 84' lang='grc' dir='ltr'>με’</span> <span class='ocrx_word' id='word_1_191' title='bbox 913 3554 1012 3620; x_wconf 88' lang='grc' dir='ltr'><strong><em>φασι</em></strong></span> <span class='ocrx_word' id='word_1_192' title='bbox 1025 3538 1091 3604; x_wconf 82' lang='grc' dir='ltr'>τοῦ</span> <span class='ocrx_word' id='word_1_193' title='bbox 1104 3526 1249 3625; x_wconf 80' lang='grc' dir='ltr'><strong><em>ἀνδρὸς</em></strong></span> <span class='ocrx_word' id='word_1_194' title='bbox 1260 3525 1373 3617; x_wconf 80' lang='grc' dir='ltr'><strong><em>εἶναι,</em></strong></span> 
     </span>
     <span class='ocr_line' id='line_1_25' title="bbox 186 3654 1376 3754; baseline 0 -23"><span class='ocrx_word' id='word_1_195' title='bbox 186 3657 234 3731; x_wconf 74' lang='grc' dir='ltr'>τοὶ</span> <span class='ocrx_word' id='word_1_196' title='bbox 258 3654 302 3732; x_wconf 76' lang='grc' dir='ltr'>δὲ</span> <span class='ocrx_word' id='word_1_197' title='bbox 329 3657 459 3732; x_wconf 78' lang='grc' dir='ltr'><strong><em>εἰκότα</em></strong></span> <span class='ocrx_word' id='word_1_198' title='bbox 485 3656 582 3730; x_wconf 78' lang='grc' dir='ltr'><strong><em>ἄλλα</em></strong></span> <span class='ocrx_word' id='word_1_199' title='bbox 605 3658 699 3754; x_wconf 77' lang='grc' dir='ltr'><strong><em>πρὸς</em></strong></span> <span class='ocrx_word' id='word_1_200' title='bbox 719 3657 813 3751; x_wconf 76' lang='grc' dir='ltr'><strong><em>ἐμοῦ</em></strong></span> <span class='ocrx_word' id='word_1_201' title='bbox 825 3658 972 3752; x_wconf 86' lang='grc' dir='ltr'><strong><em>μᾶλλον</em></strong></span> <span class='ocrx_word' id='word_1_202' title='bbox 985 3655 1257 3733; x_wconf 73' lang='grc' dir='ltr'><strong><em>ἀποδέδεικται</em></strong></span> <span class='ocrx_word' id='word_1_203' title='bbox 1269 3659 1376 3732; x_wconf 84' lang='grc' dir='ltr'><strong><em>ὄντα.</em></strong></span> 
     </span>
     <span class='ocr_line' id='line_1_26' title="bbox 185 3785 1377 3883; baseline -0.001 -24"><span class='ocrx_word' id='word_1_204' title='bbox 185 3787 290 3883; x_wconf 81' lang='lat' dir='ltr'>Ipsa,</span> <span class='ocrx_word' id='word_1_205' title='bbox 327 3809 412 3860; x_wconf 83' lang='lat' dir='ltr'>reus</span> <span class='ocrx_word' id='word_1_206' title='bbox 445 3785 591 3879; x_wconf 87' lang='lat' dir='ltr'>inquit,</span> <span class='ocrx_word' id='word_1_207' title='bbox 625 3809 700 3880; x_wconf 89' lang='lat' dir='ltr'>qua</span> <span class='ocrx_word' id='word_1_208' title='bbox 735 3809 796 3859; x_wconf 90' lang='lat' dir='ltr'>me</span> <span class='ocrx_word' id='word_1_209' title='bbox 831 3786 979 3860; x_wconf 88' lang='lat' dir='ltr'>sceleris</span> <span class='ocrx_word' id='word_1_210' title='bbox 1012 3786 1215 3861; x_wconf 79' lang='lat' dir='ltr'>convicisse</span> <span class='ocrx_word' id='word_1_211' title='bbox 1248 3787 1377 3875; x_wconf 89' lang='lat' dir='ltr'>aiunt,</span> 
     </span>
     <span class='ocr_line' id='line_1_27' title="bbox 186 3913 1376 4010; baseline -0.002 -22"><span class='ocrx_word' id='word_1_212' title='bbox 186 3913 430 4010; x_wconf 82' lang='lat' dir='ltr'>probabilitas</span> <span class='ocrx_word' id='word_1_213' title='bbox 465 3935 532 4009; x_wconf 89' lang='lat' dir='ltr'>pro</span> <span class='ocrx_word' id='word_1_214' title='bbox 567 3935 627 3987; x_wconf 90' lang='lat' dir='ltr'>me</span> <span class='ocrx_word' id='word_1_215' title='bbox 661 3913 786 4007; x_wconf 88' lang='lat' dir='ltr'>potius</span> <span class='ocrx_word' id='word_1_216' title='bbox 820 3913 973 3987; x_wconf 90' lang='lat' dir='ltr'>militat.</span> <span class='ocrx_word' id='word_1_217' title='bbox 1002 3914 1084 3989; x_wconf 87' lang='lat' dir='ltr'>Hoc</span> <span class='ocrx_word' id='word_1_218' title='bbox 1108 3918 1239 4000; x_wconf 88' lang='lat' dir='ltr'>autem</span> <span class='ocrx_word' id='word_1_219' title='bbox 1265 3913 1376 3986; x_wconf 91' lang='lat' dir='ltr'>modo</span> 
     </span>
     <span class='ocr_line' id='line_1_28' title="bbox 187 4039 1377 4137; baseline -0.002 -23"><span class='ocrx_word' id='word_1_220' title='bbox 187 4041 437 4137; x_wconf 78' lang='lat' dir='ltr'>explicantem</span> <span class='ocrx_word' id='word_1_221' title='bbox 471 4039 625 4114; x_wconf 84' lang='lat' dir='ltr'>offendit</span> <span class='ocrx_word' id='word_1_222' title='bbox 651 4062 729 4114; x_wconf 83' lang='lat' dir='ltr'>voc.</span> <span class='ocrx_word' id='word_1_223' title='bbox 756 4040 872 4132; x_wconf 80' lang='grc' dir='ltr'><strong><em>ἄλλα,</em></strong></span> <span class='ocrx_word' id='word_1_224' title='bbox 899 4041 979 4132; x_wconf 91' lang='lat' dir='ltr'>cui,</span> <span class='ocrx_word' id='word_1_225' title='bbox 1002 4064 1076 4134; x_wconf 92' lang='lat' dir='ltr'>quo</span> <span class='ocrx_word' id='word_1_226' title='bbox 1102 4045 1212 4137; x_wconf 88' lang='lat' dir='ltr'>pacto</span> <span class='ocrx_word' id='word_1_227' title='bbox 1237 4042 1377 4114; x_wconf 88' lang='lat' dir='ltr'>iustam</span> 
     </span>
     <span class='ocr_line' id='line_1_29' title="bbox 187 4167 1378 4264; baseline -0.003 -23"><span class='ocrx_word' id='word_1_228' title='bbox 187 4169 539 4264; x_wconf 71' lang='lat' dir='ltr'>interpretationem</span> <span class='ocrx_word' id='word_1_229' title='bbox 572 4169 768 4263; x_wconf 88' lang='lat' dir='ltr'>adaptem,</span> <span class='ocrx_word' id='word_1_230' title='bbox 793 4167 936 4242; x_wconf 77' lang='lat' dir='ltr'>trustra</span> <span class='ocrx_word' id='word_1_231' title='bbox 961 4190 1112 4263; x_wconf 88' lang='lat' dir='ltr'>quaero.</span> <span class='ocrx_word' id='word_1_232' title='bbox 1138 4169 1238 4242; x_wconf 87' lang='lat' dir='ltr'>Nam</span> <span class='ocrx_word' id='word_1_233' title='bbox 1264 4167 1378 4262; x_wconf 88' lang='lat' dir='ltr'>expli·</span> 
     </span>
     <span class='ocr_line' id='line_1_30' title="bbox 188 4296 1379 4393; baseline -0.003 -23"><span class='ocrx_word' id='word_1_234' title='bbox 188 4298 394 4382; x_wconf 88' lang='lat' dir='ltr'>cationem,</span> <span class='ocrx_word' id='word_1_235' title='bbox 433 4319 548 4391; x_wconf 91' lang='lat' dir='ltr'>quam</span> <span class='ocrx_word' id='word_1_236' title='bbox 587 4296 823 4369; x_wconf 83' lang='lat' dir='ltr'>Maetznerua</span> <span class='ocrx_word' id='word_1_237' title='bbox 859 4296 1093 4393; x_wconf 86' lang='lat' dir='ltr'>suppeditat:</span> <span class='ocrx_word' id='word_1_238' title='bbox 1134 4298 1379 4390; x_wconf 86' lang='lat' dir='ltr'>„argumenta</span> 
     </span>
     <span class='ocr_line' id='line_1_31' title="bbox 187 4422 1379 4520; baseline -0.002 -24"><span class='ocrx_word' id='word_1_239' title='bbox 187 4430 317 4500; x_wconf 88' lang='lat' dir='ltr'>autem</span> <span class='ocrx_word' id='word_1_240' title='bbox 343 4447 367 4496; x_wconf 93' lang='lat' dir='ltr'>a</span> <span class='ocrx_word' id='word_1_241' title='bbox 392 4424 658 4519; x_wconf 88' lang='lat' dir='ltr'>probabilitate</span> <span class='ocrx_word' id='word_1_242' title='bbox 683 4424 804 4518; x_wconf 87' lang='lat' dir='ltr'>petita</span> <span class='ocrx_word' id='word_1_243' title='bbox 828 4425 939 4520; x_wconf 86' lang='lat' dir='ltr'>longe</span> <span class='ocrx_word' id='word_1_244' title='bbox 966 4424 1041 4496; x_wconf 91' lang='lat' dir='ltr'>alia</span> <span class='ocrx_word' id='word_1_245' title='bbox 1065 4445 1144 4496; x_wconf 87' lang='lat' dir='ltr'>esse</span> <span class='ocrx_word' id='word_1_246' title='bbox 1166 4422 1243 4497; x_wconf 90' lang='lat' dir='ltr'>sive</span> <span class='ocrx_word' id='word_1_247' title='bbox 1264 4423 1379 4495; x_wconf 86' lang='lat' dir='ltr'>aliam</span> 
     </span>
     <span class='ocr_line' id='line_1_32' title="bbox 187 4549 1377 4648; baseline -0.003 -21"><span class='ocrx_word' id='word_1_248' title='bbox 187 4553 265 4627; x_wconf 88' lang='lat' dir='ltr'>vim</span> <span class='ocrx_word' id='word_1_249' title='bbox 302 4552 439 4628; x_wconf 92' lang='lat' dir='ltr'>habere</span> <span class='ocrx_word' id='word_1_250' title='bbox 472 4555 587 4648; x_wconf 83' lang='lat' dir='ltr'>atque</span> <span class='ocrx_word' id='word_1_251' title='bbox 612 4573 636 4622; x_wconf 91' lang='lat' dir='ltr'>a</span> <span class='ocrx_word' id='word_1_252' title='bbox 661 4550 754 4626; x_wconf 88' lang='lat' dir='ltr'>meis</span> <span class='ocrx_word' id='word_1_253' title='bbox 775 4551 903 4648; x_wconf 88' lang='lat' dir='ltr'>potius</span> <span class='ocrx_word' id='word_1_254' title='bbox 928 4551 1097 4647; x_wconf 82' lang='lat' dir='ltr'>partibus</span> <span class='ocrx_word' id='word_1_255' title='bbox 1123 4553 1223 4626; x_wconf 87' lang='lat' dir='ltr'>stare</span> <span class='ocrx_word' id='word_1_256' title='bbox 1249 4549 1377 4642; x_wconf 86' lang='lat' dir='ltr'>evici‚&#39;&#39;</span> 
     </span>
    </p>
   </div>
   <div class='ocr_carea' id='block_1_5' title="bbox 0 0 1698 5324">
    <p class='ocr_par' dir='ltr' id='par_1_6' title="bbox 0 0 1698 5324">
     <span class='ocr_line' id='line_1_33' title="bbox 0 0 1698 5324; baseline 0 0"><span class='ocrx_word' id='word_1_257' title='bbox 0 0 1698 5324; x_wconf 95' lang='lat' dir='ltr'> </span> 
     </span>
    </p>
   </div>
  </div>
 </body>
</html>
