3424 5320
775 467 823 542 83

198 662 282 747 tur,
308 658 353 727 ut
379 655 530 751 collegis
558 678 602 729 ex
628 657 657 730 I.
685 655 753 747 §b
778 655 870 747 525.
894 655 938 729 V.
954 659 975 748 ἓ
991 657 1046 730 13.
1069 656 1162 750 514.
1185 655 1385 748 §lbgdb

200 783 292 878 547.
319 782 412 874 548.
439 785 534 874 552.
559 783 652 874 553.
680 783 771 874 555.
799 784 958 877 aliisque
982 785 1072 858 locis
1101 785 1290 858 sescentis.
1317 784 1393 878 Ap·

199 915 307 1005 paret
341 911 459 1005 igitur
494 910 682 1004 particula
715 911 844 983 καίτοι
869 912 1043 986 insistere
1069 913 1298 1001 orationem,
1323 912 1394 984 hoc

200 1041 331 1110 autem
366 1038 447 1110 loco
482 1037 683 1111 desiderari
713 1039 960 1134 particulam,
993 1063 1069 1134 qua
1093 1041 1227 1134 pergat
1252 1039 1393 1127 oratio,

200 1165 257 1236 ita
283 1168 327 1237 ut
353 1187 420 1259 pro
445 1165 574 1238 καίτοι
604 1165 730 1261 potius
755 1166 956 1260 legendum
982 1166 1050 1240 sit:
1079 1167 1148 1268 καὶ
1174 1167 1233 1240 ἔτι
1252 1167 1313 1241 vel
1336 1167 1395 1240 ἔτι

201 1289 243 1365 δὲ
269 1294 348 1364 καί.

250 1419 345 1512 ξ44.
372 1420 451 1494 Καὶ
476 1418 647 1494 α’πίθανε
670 1417 745 1513 μὲν
769 1423 790 1496 ὁ
817 1420 912 1518 ἀνὴρ
937 1422 1075 1496 οὑτωσὶ
1102 1421 1212 1518 ἔγγὺς
1233 1433 1301 1513 τῆς
1325 1429 1396 1495 θα-

200 1548 344 1638 λάσσης
369 1550 438 1622 καὶ
463 1557 540 1622 τῶν
563 1551 725 1634 πλοίων,
753 1551 805 1634 ὡς
827 1552 848 1624 ὁ
870 1554 1014 1625 τούτων
1035 1552 1147 1648 λόγος
1169 1552 1300 1624 ἐστίν·
1324 1552 1396 1624 ὑπὸ

202 1677 244 1753 δὲ
280 1681 367 1764 ἑνὸς
402 1677 544 1774 ἀνδρὸς
578 1679 837 1775 ἀποθνῄσκων
862 1681 946 1754 οὔτε
971 1679 1183 1776 ἀνέκραγεν
1207 1677 1286 1753 οὔτ’
1313 1684 1397 1752 αίσ·

203 1815 320 1898 θηοιν
353 1805 539 1902 οὐδεμίαν
573 1810 744 1898 ἐποίησεν
780 1810 866 1882 οὔτε
891 1820 975 1891 τοῖς
1002 1809 1045 1881 ἐν
1070 1819 1113 1900 τῇ
1140 1819 1184 1903 γῇ
1211 1809 1294 1881 οὔτε
1314 1819 1397 1891 τοῖς

111 1957 114 1964 ’
203 1939 244 2012 ἐν
269 1946 320 2033 τῷ
345 1936 480 2033 πλοίῳ,·
506 1939 574 2011 καὶ
598 1941 676 2033 μὴν
700 1937 821 2029 πολλῷ
849 1938 960 2015 (ἐπὶ)
979 1936 1093 2009 πλέον
1114 1946 1291 2033 γεγωνεῖν
1314 1936 1397 2008 ἔστι

202 2068 349 2160 νύκτωρ
383 2071 404 2155 ἢ
437 2066 527 2160 μεθ’
562 2071 726 2162 ἡμέραν,
763 2065 815 2138 ἐπ’
852 2064 970 2153 ἀκτῆς
996 2069 1017 2154 ἢ
1043 2063 1143 2136 κατα
1169 2065 1297 2138 πόλιν·
1327 2064 1396 2136 καὶ

201 2198 279 2288 μὴν
307 2196 363 2268 ἔτι
391 2196 651 2293 ἐγρηγορότων
677 2196 804 2285 φασὶν
831 2194 997 2287 ἐκβῆναι
1025 2194 1093 2266 τὸν
1118 2191 1243 2289 ἄνδρα
1271 2195 1312 2266 ἐκ
1328 2203 1394 2266 τοῦ

204 2323 344 2397 πλοίοο.
378 2325 542 2397 Blassius
577 2327 616 2398 et
647 2323 903 2397 Jemstedtius
927 2324 967 2395 in
992 2323 1236 2396 adnotatione
1263 2324 1393 2397 critica

205 2453 407 2527 observant
439 2451 632 2525 Reiskium
667 2451 797 2524 verba:
834 2452 877 2524 ἐν
909 2458 960 2547 τῷ
989 2452 1106 2547 πλοίῳ
1138 2451 1296 2524 vertisse
1336 2450 1395 2537 ,in

205 2581 408 2667 navibus'’;
448 2580 509 2653 cui
546 2579 853 2674 interpretationi
889 2603 1004 2673 quam
1043 2579 1259 2651 attribuant
1296 2579 1396 2664 vim,

204 2711 306 2804 ipsa,
342 2732 418 2804 qua
443 2709 637 2782 Reiskium
659 2708 716 2779 ita
736 2707 865 2780 fecisse
886 2730 953 2780 nos
975 2707 1128 2790 docent,
1155 2706 1399 2780 adnotatione
1469 2783 1474 2790 ,

203 2838 382 2910 indicant.
419 2837 481 2908 Ita
513 2837 631 2930 igitur
664 2857 731 2907 nos
756 2835 828 2908 viri
852 2834 909 2905 illi
935 2834 1035 2907 docti
1059 2833 1244 2920 excitant,
1270 2836 1315 2905 ut
1340 2834 1396 2905 in-

205 2965 405 3053 dagemus,
443 2965 574 3034 utrum
609 2961 751 3035 codices
790 2961 895 3054 sequi
932 2961 1150 3050 debeamus,
1189 2983 1258 3047 an,
1295 2961 1396 3054 quod

206 3092 376 3166 Reiskius
410 3091 481 3164 sibi
514 3089 674 3164 voluisse
706 3089 877 3178 videtur,
912 3089 1113 3183 legendum
1148 3088 1215 3161 sit:
1244 3090 1286 3162 ἐν
1311 3101 1396 3173 τοῖς

202 3221 360 3304 πλοίοις.
398 3219 479 3316 Ηοο
514 3219 678 3290 alterum
712 3220 757 3289 ut
783 3217 986 3307 faciamus,
1020 3216 1179 3289 fortasse
1213 3217 1396 3291 adducere

202 3370 271 3420 nos
296 3346 413 3442 possit
438 3346 516 3441 ipse
541 3349 688 3435 orator,
713 3345 778 3438 qui
805 3345 970 3418 ostendit
992 3344 1222 3418 adversarios
1245 3349 1398 3420 cont-en-

205 3476 321 3549 disse:
356 3476 424 3548 τὸν
459 3472 583 3569 ἄνδρα
617 3473 834 3548 ἀποθανεῖν
872 3472 986 3572 ε’γγύς
1012 3485 1077 3563 τῆς
1104 3473 1304 3562 θαλάσσης
1330 3474 1401 3548 καὶ

204 3611 281 3677 τῶν
317 3602 466 3676 πλοίων.
503 3603 557 3674 At
591 3603 787 3696 sequentia
821 3625 889 3674 nos
925 3603 1081 3675 meliora
1115 3602 1289 3690 edocent;
1317 3625 1401 3696 per·

206 3731 339 3804 hibent
374 3730 476 3803 enim
510 3733 764 3812 accusatores,
798 3729 987 3801 Herodem
1024 3749 1045 3799 e
1078 3729 1184 3815 navi,
1220 3729 1400 3823 inquam

205 3857 541 3941 transcendissent,
570 3855 706 3928 exisse:
734 3856 992 3952 ἐγρηγορότων
1018 3855 1086 3928 ἔτι.
1118 3857 1186 3945 Ar,
1213 3855 1303 3950 quid
1329 3856 1401 3927 sibi

204 3987 291 4060 vult
325 3985 386 4058 hio
421 3983 641 4080 genetivusi
676 3982 935 4057 Vertsndusne
961 4006 1047 4057 cum
1074 3984 1287 4056 Maetznero
1312 4005 1399 4077 per:

210 4114 287 4200 ,als
323 4135 412 4185 man
446 4112 542 4186 noch
577 4112 684 4218 uach
708 4111 822 4212 war''‚
848 4112 905 4184 ita
930 4111 1040 4184 utin
1066 4111 1285 4183 universum
1313 4112 1398 4180 tan-

206 4243 292 4312 tum
333 4243 483 4334 tempus
518 4240 710 4328 indicans,
744 4239 889 4313 valeat:
926 4263 1012 4313 cum
1046 4261 1120 4312 nox
1154 4236 1321 4309 nondum
1356 4259 1399 4310 eo

206 4368 463 4462 processisset,
496 4370 542 4440 ut
573 4367 742 4440 homines
769 4368 939 4440 cubitum
965 4369 1087 4457 irent,
1114 4389 1164 4436 an
1190 4366 1315 4460 potius
1340 4387 1399 4438 oo-

205 4497 404 4591 gitandum
431 4501 488 4570 est
513 4496 558 4569 de
586 4495 820 4586 hominibus,
847 4497 979 4589 quiin
1004 4519 1079 4568 una
1099 4496 1165 4567 illa
1179 4497 1288 4568 erant
1299 4494 1402 4584 navi,
