3424 5320
892 453 938 527 tc

322 643 426 734 calc,
456 668 516 736 ne,
543 646 641 741 quod
664 646 817 720 iuvenes
844 646 940 735 sint,
965 643 1280 733 condemnentur,
1306 644 1346 716 et
1360 643 1517 734 vestris,

322 771 507 864 iudicum,
533 773 678 846 iudiciis
703 796 819 868 quam
840 773 1003 846 maxime
1023 774 1081 845 est
1102 794 1206 866 opus.
1228 771 1326 844 Hinc
1339 776 1517 866 apparet,

323 921 398 972 non
423 900 623 996 legendum
649 922 746 974 esse:
775 902 868 990 αὐτὴ
893 901 967 998 γαρ
991 903 1013 989 ἡ
1037 898 1167 989 ἡλικία
1193 909 1270 972 τῶν
1295 906 1392 973 νέων
1406 905 1514 973 κανέ-

325 1053 447 1124 κρινε,
475 1029 540 1103 sed
564 1036 811 1129 κατέκρινε<ν
836 1031 923 1110 ἄν).

374 1157 570 1249 Ceterum,
597 1159 705 1254 quasi
730 1160 770 1232 in
795 1158 1066 1255 praetereundo
1092 1159 1128 1232 h.
1145 1159 1182 1231 l.
1209 1158 1433 1232 adnotatum
1456 1181 1518 1232 ve-

325 1285 417 1375 lim,
456 1309 515 1359 me
551 1309 685 1381 parum
726 1286 931 1381 perspicere
965 1284 1147 1380 quidnam
1182 1286 1232 1358 sit
1264 1308 1419 1376 causae,
1452 1308 1520 1358 cur

326 1411 489 1485 Blassius
513 1412 538 1485 J
539 1414 841 1508 ernstedtiusque
862 1413 995 1486 codicis
1016 1411 1052 1485 N
1066 1413 1290 1507 scripturam
1305 1413 1519 1503 exhibeant,

326 1541 592 1636 coniungentes
619 1542 739 1614 dualis
758 1541 940 1616 formam:
962 1553 1049 1614 τοῖν
1071 1541 1296 1633 ὀφθαλμοῖν
1309 1563 1406 1638 cum,
1419 1539 1520 1635 quod

327 1669 466 1763 plurali
499 1693 655 1744 numero
689 1670 864 1743 debetur:
901 1681 983 1754 τοῖς
1017 1669 1124 1745 ὠσίν.
1151 1669 1344 1757 ReislriuS,
1370 1669 1436 1763 qui
1460 1689 1519 1742 cc·

328 1795 418 1869 dicis
447 1795 476 1868 Α
501 1797 744 1891 scripturam:
772 1809 856 1881 τοῖς
882 1796 1105 1890 ὀφθαλμοῖς
1130 1801 1278 1888 tuetur,
1304 1795 1421 1869 tacite
1434 1819 1520 1890 sup-

328 1925 425 2019 plet:
460 1931 582 1999 πᾶσιν
615 1927 697 1999 ἐστὶ
729 1924 829 1999 κατα
859 1927 998 2018 φύσιν,
1024 1925 1087 1999 sed
1113 1925 1160 1996 ad
1187 1924 1426 2010 evitandum,
1456 1923 1523 2017 qui

329 2051 399 2160 hac
422 2053 569 2127 ratione
589 2053 738 2144 existit,
760 2054 895 2126 durum
917 2052 1195 2127 sententiarum
1216 2073 1397 2125 conexum
1410 2107 1419 2141 ,
1434 2074 1523 2125 mox

329 2181 557 2274 particulam
590 2182 660 2255 καί
692 2182 902 2277 interponit
928 2153 1052 2259 verbis
1078 2182 1173 2256 οὕτω
1199 2181 1309 2252 κατά.
1338 2180 1521 2273 Equidem

329 2330 379 2379 an
414 2331 434 2381 e
467 2309 611 2382 tradita
644 2311 814 2384 codicum
848 2311 1009 2384 lectione
1046 2310 1180 2384 melius
1202 2309 1292 2404 quid
1318 2309 1523 2382 extundere

330 2458 477 2531 possem
502 2437 710 2529 periculum
736 2439 825 2529 leci,
851 2438 945 2510 nihil
968 2441 1097 2511 autem
1122 2437 1214 2509 mihi
1235 2435 1356 2530 magis
1369 2436 1523 2526 arridet,

331 2585 447 2656 quam
478 2585 657 2657 reponere
689 2565 745 2655 id,
775 2565 880 2638 cuius
906 2564 1106 2659 vestigium
1133 2564 1246 2638 codex
1272 2562 1309 2635 N
1336 2564 1523 2654 servavit,

331 2691 452 2763 dualis
476 2691 558 2765 dico
583 2693 730 2766 numeri
757 2692 915 2766 formas:
943 2692 1170 2785 ὀφθαλμοῖν
1200 2694 1240 2765 et
1262 2694 1398 2777 ὤτοιν;
1420 2712 1523 2780 nam,

330 2819 516 2914 quomodo
559 2820 755 2915 utriusque
800 2821 949 2894 numeri
993 2819 1154 2894 formam
1193 2820 1297 2892 salva
1332 2817 1523 2891 sententia

331 2948 554 3042 coniungere
580 2949 786 3042 possimus,
812 2947 953 3020 frustra
981 2949 1142 3022 elaboro.

380 3073 447 3167 53.
476 3079 513 3150 εἴ
533 3104 571 3150 νε
596 3076 670 3175 γάρ
696 3077 716 3150 ὁ
738 3077 936 3168 πατάξας,
960 3076 1028 3150 δια
1040 3080 1109 3166 τὴν
1121 3075 1264 3173 πληγὴν
1276 3074 1524 3169 βιασάμενος

332 3203 435 3295 ὑμᾶς
467 3205 741 3298 sacrosanctvm
776 3204 911 3303 ἰατρῷ,
946 3205 1093 3300 μᾶλλον
1127 3213 1193 3279 τοῦ
1224 3203 1524 3288 ἀποκτείναντος

333 3333 470 3423 φονεύς
509 3333 631 3416 ἐστιν,
674 3334 694 3408 ὁ
733 3333 855 3432 ἄρξας
893 3344 960 3424 τῆς
994 3334 1134 3431 πληγῆς
1171 3332 1308 3425 φονεὺς
1333 3335 1519 3431 γίγνεται.

332 3460 538 3554 Postquam
565 3461 754 3546 Reiskius,
781 3462 863 3536 iure
885 3463 1045 3535 offensus
1067 3460 1257 3551 oratione,
1278 3461 1339 3534 cui
1359 3462 1524 3534 alterum

333 3588 565 3678 membrum,
589 3587 639 3660 ad
664 3590 763 3683 quod
788 3589 974 3663 referatur
999 3588 1092 3661 illud
1117 3594 1154 3663 εἴ
1175 3619 1231 3680 τε,
1258 3589 1375 3679 desit,
1397 3589 1437 3660 in
1459 3589 1523 3661 ad-

285 3754 287 3758 ·
331 3715 528 3789 notatione
562 3715 610 3787 ad
643 3716 744 3790 hunc
777 3718 903 3790 locum
935 3718 1058 3791 multa
1094 3719 1271 3792 disseruit
1296 3717 1341 3791 de
1367 3717 1524 3808 lacuna,

331 3865 446 3938 quam
471 3841 598 3915 adesse
623 3845 902 3938 suspicabatur,
930 3847 1060 3939 postea
1083 3846 1123 3917 in
1150 3845 1421 3919 accessionibus
1448 3845 1524 3918 suis

331 3971 378 4042 ad
403 3970 678 4065 Antiphontem
705 3973 787 4062 via,
814 3996 928 4067 quam
956 3974 1003 4045 ad
1028 3974 1234 4048 tollendam
1261 3972 1525 4047 difficultatem
1600 3983 1602 3987 '

330 4098 488 4188 inierat,
513 4098 678 4183 deserta,
707 4122 774 4193 pro
799 4101 932 4175 vocula
954 4105 992 4174 εἴ
1009 4129 1047 4176 τε
1069 4100 1276 4195 simplicem
1298 4100 1526 4195 particulam

331 4231 365 4300 ολ
397 4227 527 4322 reponi
563 4225 684 4299 iussit.
711 4225 820 4301 Hanc
844 4229 1094 4302 coniecturam
1124 4227 1196 4302 viri
1221 4227 1321 4301 docti
1347 4227 1525 4322 amplecti

333 4377 447 4449 quam
479 4376 564 4429 cum
596 4354 810 4430 Maetznero
844 4357 1006 4430 alterum
1034 4357 1081 4429 ab
1108 4358 1258 4430 oratore
1283 4377 1524 4449 suppressum

333 4504 410 4558 esse
438 4485 651 4557 membrum
677 4484 843 4558 statuere
869 4485 1028 4557 malunt.
1055 4481 1134 4558 Nec
1159 4505 1227 4580 ego
1254 4482 1405 4558 Rciskio
1431 4504 1520 4557 con-
