3366 5324
737 436 780 518 31

171 640 387 727 accusator,
425 659 540 730 quam
574 635 629 707 rei
662 634 823 709 veritate
856 634 979 708 caedis
1014 636 1169 709 crimine
1202 635 1365 726 absolvi,

170 770 292 840 restat
316 769 471 838 tantum
497 786 576 838 voe.
604 761 928 857 ἐπιτηδευμάτων,
949 764 1048 858 quod
1071 765 1283 838 accuratius
1306 787 1366 838 ex-

170 896 304 990 plicari
324 916 474 967 neeesse
494 893 645 987 quidem
666 916 743 966 non
766 896 843 982 est,
865 897 907 966 at
929 896 1030 965 certe
1051 893 1172 965 solum
1193 893 1369 966 estvoca-

169 1024 325 1113 bulum,
361 1023 467 1096 cuius
501 1021 701 1115 explicatio
740 1025 828 1117 apte
860 1020 1035 1115 subiungi
1062 1020 1189 1114 possit.
1224 1020 1368 1114 Utique

170 1174 237 1224 nos
263 1151 367 1245 cogit
390 1154 487 1245 part.
513 1151 604 1247 γάρ,
631 1172 654 1221 α
680 1173 755 1244 qua
773 1171 930 1244 sequens
952 1149 1085 1242 incipit
1103 1149 1303 1239 sententia,
1321 1149 1366 1220 ut

171 1281 368 1373 putemus,
402 1299 464 1367 ea,
499 1299 595 1372 quae
629 1277 888 1367 subiciuntur,
922 1277 987 1365 iis,
1024 1298 1120 1370 quae
1150 1298 1365 1371 praegressa

170 1408 279 1494 sunt,
300 1404 560 1499 explicationis
584 1404 707 1499 gratia
728 1403 825 1475 addi.
849 1404 930 1488 Qua
942 1407 1074 1476 tamen
1087 1403 1365 1497 exspectatione

170 1555 237 1606 nos
263 1531 378 1621 deiei,
403 1531 525 1626 quivis
551 1531 665 1605 videt.
691 1523 1085 1625 Revertamur'igitur
1111 1530 1159 1602 ad
1185 1553 1248 1622 ea,
1270 1554 1367 1626 quae

169 1663 272 1734 certa
297 1662 406 1749 sunt,
432 1659 602 1753 nullique
628 1659 842 1732 difficultati
869 1659 1029 1731 obnoxia
1054 1661 1094 1730 et
1119 1658 1363 1733 deindevide·

120 1767 128 1779 ⁵
169 1812 297 1878 amus,
330 1787 516 1883 quomodo
550 1809 770 1882 recuperare
795 1787 998 1881 pessimun,
1023 1809 1120 1881 quae
1146 1790 1190 1859 ut
1215 1810 1364 1882 exspec-

168 1920 317 2006 temus,
354 1919 459 1989 totus
493 1916 769 1989 sententiarum
805 1936 993 1987 connexus
1023 1919 1164 1988 monet.
1199 1914 1364 2009 Simplex

169 2045 338 2118 narratio
369 2044 465 2117 hanc
490 2044 568 2117 fere
593 2043 889 2138 progressionem
915 2042 1084 2136 flagitat,
1110 2046 1155 2115 ut
1180 2043 1233 2115 rei
1258 2047 1366 2136 pater

168 2173 383 2247 huiusmodi
408 2173 522 2247 verba
546 2172 679 2245 faciat:
708 2171 802 2244 Oum
827 2170 927 2242 filius
945 2173 1025 2244 tam
1048 2171 1151 2265 lege,
1173 2193 1288 2265 quam
1310 2173 1365 2244 rei

169 2303 331 2377 veritate
364 2302 467 2375 omni
496 2302 607 2396 culpa
640 2299 835 2373 absolutus
866 2299 937 2390 sit,
962 2321 1030 2372 nee
1055 2301 1209 2394 propter
1234 2322 1299 2390 ea,
1324 2300 1366 2372 in

169 2431 304 2525 quibus
348 2429 519 2524 occupati
566 2430 732 2501 aetatem
770 2428 962 2521 hucusque
999 2427 1223 2523 agebamus,
1262 2429 1365 2524 digni

168 2559 304 2649 simus,
328 2558 394 2652 qui
414 2560 497 2630 tam
518 2557 694 2652 gravibus
717 2556 922 2629 obruamur
937 2556 1229 2644 calamitatibus,
1244 2557 1363 2630 nolite

167 2710 235 2762 nos
276 2687 389 2760 ambo
425 2686 557 2779 iniqua
596 2685 907 2759 condemnatione
946 2684 1195 2778 pessumdare.
1234 2685 1363 2776 Hanc,

168 2839 265 2911 quae
285 2816 368 2888 loco
390 2815 500 2887 unice
521 2817 612 2908 apta
632 2816 709 2904 est,
732 2813 963 2888 sententiam
985 2811 1092 2885 facile
1109 2812 1364 2905 assequimur,

168 2967 255 3017 cum
281 2965 345 3032 ea,
366 2965 463 3037 quae
486 2942 567 3034 §12
592 2943 789 3036 leguntur,
816 2944 900 3034 post
927 2939 1057 3014 verba:
1082 2948 1213 3013 κακῶν
1236 2940 1363 3027 αξιοῦ-

168 3071 271 3148 σθαί
294 3073 409 3163 ἐσμεν
430 3071 640 3142 inserimus.
664 3070 743 3154 Quo
764 3090 854 3141 vero
871 3068 952 3141 loco
974 3089 1072 3140 nune
1086 3067 1266 3163 leguntur
1274 3069 1366 3142 haee

130 3249 132 3254 ,
167 3203 303 3291 verba,
328 3201 382 3273 ibi
407 3200 487 3274 sine
512 3198 714 3273 offensione
735 3195 888 3271 tolerari
910 3217 985 3268 non
1006 3199 1184 3290 possunt,
1206 3218 1292 3270 eum
1314 3195 1361 3269 ab

168 3331 233 3419 iis,
270 3351 432 3423 quorum
470 3303 698 3400 sententiam
732 3326 923 3418 repetunt,
957 3327 1200 3397 secernantur
1235 3325 1364 3420 paneis

168 3461 324 3530 tantum
349 3457 423 3529 illis
448 3455 697 3549 interpositis:
724 3455 746 3528 ὅ
771 3483 809 3527 τε
834 3453 908 3552 γαρ
932 3451 1117 3550 ἁμαρτὼν
1144 3467 1364 3552 συμφοραῖς

170 3589 259 3658 cett.
294 3583 395 3657 Nam
421 3585 554 3673 verba,
580 3582 716 3678 quibus
739 3583 817 3674 §ll
843 3581 982 3656 iudices
1009 3586 1093 3656 orat
1115 3587 1154 3656 et
1176 3584 1363 3673 obsecrat,

170 3734 217 3785 ne
236 3712 359 3785 filium
383 3712 651 3802 condemnent,
672 3712 748 3784 soil.
769 3714 823 3804 μὴ
844 3711 1207 3803 καταψηφισάμενοι
1220 3710 1363 3806 δασμό-

171 3869 256 3938 (ιους
282 3846 385 3933 ἡμᾶς
410 3845 669 3930 καταστήσητε
695 3837 774 3913 ἀλλ’
802 3839 1027 3926 ἀπολύοντες
1050 3841 1257 3933 εὐσεβεῖτε,
1276 3864 1363 3916 eau-

171 3971 253 4044 dem
280 3973 392 4066 plane
417 3971 722 4065 praeseferunt
750 3971 999 4060 sententiam,
1025 3993 1069 4044 ae
1096 3993 1243 4065 procae,
1268 3995 1362 4065 quas

171 4102 191 4190 ἕ
214 4097 258 4171 14
290 4100 449 4173 effundit
481 4100 529 4171 ad
561 4099 719 4189 iudices,
745 4102 790 4171 ut
816 4098 937 4171 filium
962 4099 1061 4172 iuste
1086 4099 1219 4193 pieque
1243 4099 1363 4172 absol-

171 4232 271 4302 vant.
308 4227 464 4300 Insertis
489 4228 607 4322 igitur
631 4227 671 4299 in
697 4226 798 4318 510,
824 4249 920 4321 quae
946 4227 1137 4320 hucusque
1158 4227 1227 4298 sub
1248 4226 1363 4300 finem

171 4358 429 4431 oratiunculae
465 4357 709 4453 legebantur,
748 4358 930 4450 utraque,
968 4378 1045 4450 qua
1084 4354 1364 4429 offendebamur

171 4485 369 4561 difficultas
390 4486 556 4560 evanuit.
580 4485 696 4558 Recte
717 4484 819 4559 enim
837 4506 938 4557 nuno
950 4484 1026 4557 iam
1039 4483 1207 4580 procedit
1219 4486 1360 4576 oratic,
