3424 5320
888 473 935 548 58

330 662 471 760 gendo,
495 664 541 735 ut
566 662 696 738 eadem
722 661 800 736 fere
824 661 1053 757 proferrent,
1078 661 1298 757 prolataque
1323 662 1364 734 in
1389 664 1520 737 eadem

331 794 537 866 mutarent.
563 789 601 863 N
602 814 665 862 am
690 789 862 864 Reislrius
886 791 988 885 prius
1014 791 1062 864 ob
1083 790 1308 863 vocabulum
1327 793 1400 864 εἴτε
1420 790 1522 865 lacu·

329 943 421 992 nam
444 919 572 993 adesse
597 917 756 1007 statuit,
776 920 908 1013 postea
929 918 1163 1007 autem,hao
1175 917 1350 1012 opinione
1362 918 1521 1006 reiecta,

328 1046 553 1142 particulam
579 1074 617 1120 τε
642 1045 841 1118 delendam
862 1048 902 1119 et
924 1044 965 1117 in
986 1045 1229 1139 sequentibus
1250 1047 1366 1120 verba
1383 1051 1523 1139 φονεύς

330 1176 436 1248 ἐστιν
461 1174 510 1245 ad
535 1175 557 1247 ὁ
582 1173 758 1259 πατάξας
784 1173 954 1245 addenda
979 1172 1135 1261 statuit3
1160 1173 1349 1269 Kayserus
1370 1179 1521 1267 autem,

328 1301 422 1374 Mus.
449 1301 566 1376 Rhcn.
590 1300 664 1380 ΧΠ
680 1323 763 1395 pag.
780 1298 861 1372 240.
876 1300 1043 1372 alterum
1056 1299 1275 1393 requirebat
1287 1302 1520 1390 membrum,

328 1429 428 1524 quod
465 1452 489 1501 a
520 1429 655 1503 vocula
687 1431 760 1501 εἴτε
785 1426 1072 1516 institueretur,
1098 1427 1194 1500 scil:
1221 1433 1293 1502 εἴτε
1320 1431 1341 1503 ὁ
1366 1431 1519 1524 ἐπιβου-

330 1557 463 1642 λεύσας
496 1557 598 1632 κατα
630 1557 699 1632 τὸν
732 1557 858 1649 νόμον
892 1557 1033 1646 φονεὺς
1066 1554 1238 1652 γίνεται,
1273 1557 1406 1632 deinde
1431 1581 1520 1634 vero

330 1685 382 1758 u.
421 1685 512 1758 xvi
548 1707 632 1779 pag.
672 1683 718 1760 να
756 1683 983 1778 particulam
1018 1711 1056 1756 a
1093 1683 1289 1757 serendam
1323 1687 1364 1759 a
1387 1688 1516 1761 verua:

330 1814 476 1908 μᾶλλον
508 1822 576 1886 τοῦ
609 1811 910 1896 ἀποκτείναντος
943 1813 1029 1906 post
1058 1814 1195 1904 φονεύς
1220 1814 1325 1885 ἐστιν
1349 1817 1520 1909 transpo-

331 1941 454 2016 nenda
478 1939 635 2013 censuit.
662 1939 712 2013 Et
735 1939 818 2014 iure
843 1962 910 2014 suo
936 1939 1009 2014 viri
1029 1940 1085 2012 illi
1106 1940 1314 2014 doctissimi
1335 1941 1521 2036 duplicem

330 2069 427 2142 hanc
451 2067 547 2141 inire
571 2068 779 2161 potuerunt
797 2067 985 2141 rationem
1007 2067 1056 2139 ad
1078 2068 1356 2141 emendandum
1375 2068 1521 2158 locum,

332 2196 397 2291 qui
422 2195 505 2302 plus
530 2218 608 2266 una
629 2193 853 2269 difficultate
874 2195 1033 2268 laborat.
1047 2193 1148 2267 Nam
1165 2196 1265 2289 quod
1278 2196 1380 2269 dicta
1392 2199 1522 2290 postea

330 2322 590 2397 rescinderunt
626 2321 775 2416 aliaque
813 2322 854 2394 in
891 2344 1020 2396 corum
1059 2322 1184 2395 locum
1224 2324 1522 2414 substituerunt,

331 2453 432 2526 recte
455 2451 513 2523 ita
536 2449 724 2539 fecerunt,
739 2431 832 2522 cum
853 2449 933 2522 dies
954 2471 1100 2542 semper
1112 2449 1245 2524 doceat
1258 2451 1354 2525 diem
1367 2471 1375 2523 :
1390 2437 1522 2546 utique
1554 2421 1570 2442 ⁰

331 2577 486 2667 melius,
512 2599 627 2672 quam
652 2575 854 2666 Linderus,
880 2576 945 2671 qui
971 2580 1040 2650 τὸν
1065 2580 1291 2666 πατάξαντα
1313 2579 1521 2670 adsonem,

330 2706 400 2780 τὸν
425 2701 467 2779 δὲ
492 2705 740 2799 βιασάμενον
761 2704 808 2777 ad
829 2705 1004 2779 iuvenem
1026 2705 1190 2780 referens
1212 2707 1414 2779 admodum
1427 2706 1521 2780 infe-

329 2834 454 2909 liciter
486 2832 664 2907 coniecit:
699 2836 771 2907 εἴτε
801 2833 822 2906 ὅ
849 2833 1025 2920 πατάξας
1050 2876 1097 2888 -
1122 2838 1194 2909 εἴτε
1220 2836 1241 2909 ὁ
1266 2835 1519 2928 βιασάμενος,

330 2960 443 3034 Hunc
467 2960 609 3035 Reiskii
634 2960 833 3056 explicatio
860 2961 1014 3036 meliora
1041 2962 1193 3036 edocere
1219 2965 1367 3058 poterat
1392 2963 1450 3052 ct,
1473 2985 1521 3035 ne

328 3089 438 3161 istius
470 3089 706 3164 coniecturae
730 3091 863 3164 auctor
887 3090 1076 3180 existeret,
1101 3090 1316 3185 prohibere,
1342 3089 1522 3185 quoniam
1549 3124 1551 3129 ·

330 3215 371 3287 in
395 3216 474 3289 eius
493 3217 654 3291 lectione
675 3218 808 3292 verba:
825 3217 973 3306 μᾶλλον
987 3226 1053 3293 τοῦ
1068 3217 1367 3304 ἀποκτείναντος
1381 3220 1522 3310 φονεύς

332 3348 459 3434 ἐστιν,
486 3345 564 3418 sive
589 3344 637 3415 ad
661 3344 757 3417 illud
782 3345 860 3420 sive
885 3346 934 3418 ad
960 3346 1031 3419 hoc
1057 3346 1270 3418 membrum
1290 3346 1522 3437 referantur,

330 3471 434 3544 omni
465 3471 594 3544 carent
626 3493 748 3545 sensu.
784 3472 962 3558 Quamvis
988 3472 1105 3568 igitur
1129 3476 1230 3547 recte
1256 3474 1350 3547 mihi
1373 3474 1413 3546 in
1438 3473 1521 3546 uni·

330 3619 481 3672 versum
505 3597 736 3671 sententiaa
757 3598 848 3672 viris
869 3599 945 3674 illis
966 3599 1189 3673 doctissimis
1202 3601 1382 3675 restituta
1394 3600 1520 3675 videa-

330 3729 412 3816 tur,
437 3728 567 3798 tamen
591 3725 671 3820 ipse
695 3748 858 3800 conexus
884 3727 924 3799 in
946 3728 1016 3800 hac
1034 3727 1171 3800 saltem
1190 3728 1262 3801 loci
1284 3731 1412 3822 parte,
1425 3750 1522 3822 quae

330 3876 469 3949 magna
494 3875 581 3926 cum
606 3850 774 3947 emphasi
798 3854 985 3928 efferenda
1010 3857 1088 3943 est,
1115 3855 1228 3928 nimis
1248 3855 1437 3930 invalidus
1464 3854 1521 3927 iu·

331 3984 465 4075 stoque
489 3978 672 4053 infirmior
693 3982 772 4071 est,
793 3981 893 4076 quod
913 4005 982 4056 nec
996 3982 1214 4078 Spengelius
1227 4004 1303 4055 non
1317 3981 1523 4077 perspexit,

330 4109 397 4203 qui
429 4107 542 4183 verba
574 4108 718 4200 μᾶλλον
745 4120 811 4184 τοῦ
837 4109 1136 4195 ἀποκτείναντος
1161 4110 1237 4202 (vel
1262 4109 1522 4199 πατάξαντος)

330 4239 421 4310 ante
449 4235 584 4328 φονεὺς
609 4238 783 4334 γίγνεται
807 4239 896 4332 poni
923 4239 1044 4312 iussit.
1072 4237 1125 4310 df.
1151 4237 1246 4310 Mus.
1271 4237 1389 4311 Rhen.
1414 4234 1524 4309 XVII

331 4386 415 4459 pag.
451 4363 531 4442 176.
568 4365 639 4440 Sed
663 4365 773 4440 valde
799 4388 950 4458 vereor,
976 4369 1022 4440 ut
1047 4367 1139 4440 haec
1159 4364 1373 4439 coniectura
1394 4362 1525 4436 multis

330 4490 499 4585 placeat,
532 4515 619 4568 cum
653 4496 693 4569 et
726 4494 805 4588 ipse
842 4494 1028 4570 transitus
1061 4493 1109 4567 ad
1141 4493 1289 4590 μᾶλλον
1315 4501 1380 4567 τοῦ
1403 4488 1524 4564 πατά-
