3424 5320
924 458 970 531 92

350 649 557 724 ἀπολέσαι·
593 648 682 736 ἐξὸν
715 650 788 748 peip
821 651 925 747 αὐτῷ
961 651 1003 723 έν
1035 648 1159 746 α’γῶνι
1192 649 1261 722 καὶ
1286 646 1453 742 κινδύνῳ
1476 678 1541 741 με·

349 778 450 876 γάλῳ
497 785 784 869 καταστήσαντι
824 779 919 871 μετα
958 785 1035 851 τῶν
1073 781 1205 867 νόμων
1244 783 1320 849 τῶν
1356 780 1544 872 ὑμετέρων

348 906 533 980 απολέσαι
567 907 732 994 ἐκεῖνον,
767 910 867 1004 εἴπερ
899 905 1143 1002 προωφείλετο
1171 905 1274 1000 αὐτῷ
1302 909 1444 993 κακόν,
1472 907 1544 978 καὶ

348 1037 393 1109 τό
428 1065 466 1108 τε
501 1033 604 1109 ἴδιον
638 1037 682 1108 τὸ
717 1038 833 1109 αὐτοῦ
868 1033 1166 1132 διαπράξασθαι
1202 1035 1271 1106 καὶ
1297 1047 1340 1127 τῇ
1367 1034 1470 1106 πόλει
1498 1046 1541 1126 τῇ

347 1165 511 1262 ὑμετέρᾳ
552 1163 676 1260 χάριν
716 1167 985 1251 καταθέσθαι,
1030 1162 1070 1236 εί
1110 1160 1294 1247 ἐπέδειξεν
1327 1159 1540 1236 ἀδικοῦντα

348 1294 511 1379 ἐκεῖνον,
549 1294 618 1366 οὐκ
643 1295 814 1382 ἠξίωσεν,
843 1290 921 1363 αλλ’
949 1288 1030 1364 οόδ’
1058 1281 1171 1379 ἦλθεν
1197 1291 1258 1363 ε’πί
1283 1298 1425 1364 τοῦτον.
1454 1294 1540 1363 καί-

347 1450 408 1495 τοι
434 1422 602 1496 καλλίων
628 1451 668 1518 γε
696 1413 740 1511 ἦν
767 1419 992 1504 ὁκίνδονος
1019 1421 1133 1514 αὐτῷ.
1160 1417 1315 1508 Orator,
1338 1422 1540 1513 postquam

350 1549 440 1642 §60
475 1550 767 1639 demonstravit,
802 1549 947 1622 nullam
974 1548 1086 1620 fuisse
1112 1569 1284 1637 oausam,
1310 1549 1355 1618 ut
1379 1547 1541 1641 Lycinus

349 1677 586 1750 interimeret
619 1677 826 1760 Herodem,
854 1676 977 1771 pergit
1003 1673 1079 1765 §ol
1109 1673 1328 1763 indicando,
1355 1674 1541 1768 Lycinum

350 1827 398 1878 ne
423 1826 509 1877 cum
530 1804 716 1899 potuisset
738 1804 910 1898 quidem,
932 1803 1010 1875 eius
1030 1802 1162 1875 mortis
1176 1805 1370 1875 auctorem
1383 1801 1542 1875 existere

350 1931 524 2005 voluisse.
550 1931 605 2005 Ob
631 1933 731 2004 hune
755 1931 1031 2004 sententiarum
1055 1952 1236 2003 conexum
1259 1932 1352 2023 puto
1365 1930 1405 2001 in
1418 1932 1542 2002 trans-

350 2059 411 2131 itu
445 2059 491 2130 ad
525 2058 601 2149 §tl
637 2051 872 2132 scribendum
908 2081 1003 2132 esse:
1041 2066 1244 2155 τεκμήριον
1280 2055 1322 2130 δὲ
1356 2063 1543 2156 μέγιστον

352 2188 404 2271 ὡς
432 2184 512 2260 οὐδ’
540 2187 716 2278 εβούλετο
741 2188 860 2262 αὐτὸν
885 2187 1082 2261 ἀπολέσαι.

401 2315 607 2400 Quominus
641 2318 770 2388 autem
804 2317 874 2389 hoc
905 2319 1171 2410 argumentum
1205 2317 1333 2388 totum
1359 2319 1461 2389 recte
1486 2317 1543 2388 in-

351 2445 597 2538 tellegamuS,
642 2443 802 2537 impedit
847 2444 1047 2515 mutilatus
1086 2443 1310 2538 paragraphi
1347 2443 1452 2533 finis,
1497 2444 1544 2516 de

353 2594 447 2666 quo,
484 2593 715 2664 quamquam
747 2570 842 2641 nihil
876 2570 969 2642 certi
1004 2570 1182 2644 constitui
1214 2573 1358 2664 potest,
1393 2574 1543 2661 tamen,

352 2701 443 2796 quid
475 2700 659 2792 sentiam,
695 2721 769 2770 non
803 2699 977 2770 reticebo
1006 2697 1224 2793 colligimus
1248 2699 1365 2794 igitur
1391 2721 1435 2772 ex
1461 2722 1542 2772 ver-

352 2829 425 2918 bis,
459 2827 613 2922 quibua,
640 2827 801 2899 testibus
827 2825 974 2916 citatis,
1001 2829 1128 2900 orator
1154 2828 1295 2922 pergit,
1322 2829 1420 2900 scit:
1448 2827 1544 2901 αλλοὲ

353 2957 427 3054 γαρ
460 2958 631 3029 ἐνταῦθα
656 2954 730 3048 μὲν
756 2953 901 3046 α’φῆκεν
925 2956 1061 3044 αὐτὸν,
1090 2953 1148 3028 ἶν’
1175 2958 1228 3029 ου’
1237 2983 1261 3027 κ
1286 2956 1358 3048 (ita
1381 2957 1544 3030 seriben-

353 3085 443 3156 dum
468 3087 526 3157 est
550 3106 637 3156 cum
661 3083 926 3174 Herwerdeno)
952 3083 1025 3156 ἔδει
1051 3082 1286 3159 κινδυνεύειν
1311 3085 1431 3159 αὐτόν
1453 3109 1487 3179 q.
1502 3108 1544 3177 s,

263 3238 266 3244 ·
351 3214 391 3284 in
428 3210 734 3284 antecedentibus
769 3233 978 3285 sermonem
1012 3213 1124 3286 fuisse
1159 3213 1204 3286 de
1238 3235 1298 3302 re,
1325 3235 1421 3306 quae
1447 3214 1545 3285 nulli

353 3339 553 3412 coniuncta
584 3340 682 3411 esset
706 3338 888 3431 periculo,
914 3340 971 3411 ita
996 3344 1041 3412 ut
1066 3341 1195 3413 verba:
1224 3343 1354 3414 καίτοι
1379 3341 1544 3415 καλλίων

353 3496 396 3566 γε
427 3462 473 3557 ἦν
506 3468 527 3539 ὁ
562 3464 745 3552 κίνδυνος
779 3489 817 3540 se
852 3471 953 3541 recte
985 3469 1122 3542 habere
1147 3491 1222 3541 non
1248 3471 1404 3564 possint.
1432 3471 1544 3556 Quid-

354 3593 444 3689 quid
469 3593 681 3686 antiquitus
706 3594 842 3667 horum
867 3595 993 3668 sedem
1021 3596 1205 3686 obtinuit,
1231 3620 1377 3671 necesse
1402 3600 1478 3688 est,
1504 3599 1544 3669 in

353 3722 450 3824 hanc
488 3719 565 3794 fere
600 3721 828 3795 sententiam
864 3721 1007 3795 dictum
1042 3723 1172 3797 fuisse:
1208 3727 1337 3797 καίτοι
1370 3726 1478 3798 καλλι
1491 3728 1545 3800 όν

354 3879 394 3951 γε
420 3845 465 3943 ἦν
488 3849 601 3923 ἄνευ
628 3848 825 3924 κινδύνου
851 3853 940 3924 cett.
969 3851 1134 3924 Verbum
1159 3855 1308 3938 autem,
1336 3855 1435 3947 quod
1461 3856 1547 3948 post

355 3985 487 4055 καίτοι
512 3980 667 4073 κάλλιόν
695 4007 737 4078 γε
761 3974 807 4074 ἢν
833 3979 995 4052 adfuisse
1020 3983 1189 4073 oportet,
1211 3979 1369 4054 fortasse
1389 3982 1486 4054 latet
1506 3982 1547 4053 in

355 4108 677 4182 antecedentibus:
714 4106 791 4179 αλλ’
823 4105 903 4181 οὐδ’
938 4101 1052 4198 ἦλθεν
1078 4108 1139 4180 ἐπὶ
1165 4117 1320 4198 τοῦτον,
1348 4131 1443 4202 quae
1468 4131 1545 4181 cor-

354 4241 469 4332 rupta
503 4259 603 4326 esse,
639 4235 733 4308 mihi
767 4258 883 4329 quam
916 4235 1080 4308 maxime
1106 4256 1325 4328 persuasum
1351 4238 1420 4309 est.
1446 4234 1549 4307 Nam

356 4386 477 4458 neque
501 4363 688 4458 particula
713 4361 807 4435 ἀλλά
832 4362 950 4434 ullam
979 4361 1101 4434 adfert
1126 4363 1399 4456 oppositionem
1419 4362 1549 4436 verbo-

356 4513 458 4563 rum:
494 4492 564 4564 οϋκ
589 4495 746 4581 ἠξίωσεν
772 4490 850 4563 scil.
880 4489 1064 4564 ἀπολέσαι
1091 4489 1250 4575 ἐκεῖνον,
1276 4511 1397 4583 neque
1421 4492 1548 4562 totum
