3424 5320
762 470 807 542 bb

186 663 261 768 tita
286 662 355 752 sit,
382 662 540 748 delenti,
569 662 743 734 assentiri
764 683 841 734 non
862 683 1026 755 possum.
1041 660 1154 734 Cuius
1168 661 1379 734 sententiae

187 790 337 884 gavisus
383 811 467 860 sum
504 811 566 861 me
604 789 748 862 socium
784 788 921 889 habere
958 789 1084 860 virum
1121 787 1379 862 doctissimum

189 915 463 1007 Hartmanum,
501 917 566 1009 qui
603 916 625 986 l.
644 917 668 988 l.
708 938 791 1010 pag.
821 914 866 985 23
894 939 946 1008 sq.
982 915 1144 987 alterum
1173 914 1299 1008 potius
1324 912 1378 986 lo-

188 1065 274 1116 cum
299 1066 344 1116 ex
370 1047 499 1116 nostro
525 1043 789 1135 depromptum
816 1065 895 1114 csse
922 1045 1057 1114 censet.
1081 1042 1133 1113 At
1154 1045 1199 1113 ut
1219 1054 1378 1130 novam,

188 1193 285 1262 quae
307 1171 395 1242 hinc
416 1171 555 1258 oritur,
579 1169 878 1262 disquisitionem
893 1169 932 1239 in
947 1171 1139 1261 posterum
1153 1168 1378 1256 differamus,

188 1297 321 1391 utique
346 1297 465 1370 nostri
483 1297 556 1370 loci
578 1296 693 1369 verba
711 1271 875 1390 genuina
893 1296 997 1388 puto.
1020 1295 1256 1389 Quamquam
1269 1295 1378 1382 inest,
1464 1318 1470 1332 ·

189 1424 261 1497 nisi
297 1424 428 1513 fallor,
466 1425 625 1512 vitium3
665 1445 800 1516 nempe
837 1423 1025 1515 particula
1063 1452 1103 1519 γε
1141 1426 1225 1515 post
1264 1421 1378 1494 verba

189 1553 353 1647 ὑπάρχει
377 1555 451 1643 μέν
475 1551 707 1623 difficultatis
733 1551 844 1643 plena
870 1554 944 1639 est,
970 1571 1055 1622 cum
1080 1549 1168 1621 huic
1191 1550 1289 1636 loco,
1315 1548 1380 1619 ubi

189 1703 255 1773 per
301 1679 529 1773 particulam
567 1678 831 1771 explicativam
869 1676 1131 1750 antecedentia
1169 1677 1380 1747 accuratius

188 1807 406 1900 exponenda
441 1809 548 1894 sunt,
582 1805 707 1894 nulla,
740 1827 837 1899 quae
869 1804 1024 1877 voculae
1058 1831 1099 1898 γε
1130 1803 1230 1874 inest
1254 1801 1380 1889 notio,

189 1935 398 2007 conveniat.
437 1933 532 2017 Quid
572 1933 622 2004 sit
655 1931 956 2018 rescribendum,
991 1929 1100 2003 docet
1132 1930 1235 2002 loeus
1270 1928 1380 2000 modo

188 2062 365 2132 laudatus
395 2059 454 2132 Vl.
481 2061 502 2149 ἓ
525 2060 565 2149 2,
600 2059 665 2130 ubi
699 2060 738 2130 id
762 2059 887 2151 ipsum
912 2059 1056 2144 exstat,
1081 2055 1181 2149 quod
1206 2055 1379 2128 hocloco

188 2188 413 2282 requiritur:
441 2187 525 2283 γάρ,

239 2315 339 2406 §ibt
367 2317 495 2388 ἔπειτα
523 2312 565 2388 δὲ
591 2315 667 2407 οὐχ
689 2315 741 2398 ὡς
767 2318 951 2386 πιστεύων
973 2321 1023 2408 τῷ
1045 2312 1240 2409 πράγματι
1254 2309 1377 2400 ἄναμ-

190 2445 439 2535 φισβητήτως
460 2447 528 2516 ἕνα
552 2444 620 2515 τὸν
641 2441 772 2538 ἀγῶνα
795 2441 877 2536 περὶ
891 2442 1194 2536 τοῦπράγματος
1208 2441 1377 2528 ἐποιήσω,

191 2572 287 2644 ἄλλα
321 2572 618 2665 ἀμφισβήτησιν
648 2571 716 2643 καὶ
742 2570 856 2666 λόγον
881 2569 1055 2642 ὑπελίποο
1083 2571 1134 2652 ὡς
1159 2568 1227 2640 καὶ
1252 2564 1380 2639 τοῖσδε

191 2710 274 2784 τοῖς
309 2699 522 2783 δικασταῖςΙ
547 2699 777 2788 απιστήσων.
805 2697 939 2770 Orator
964 2698 1161 2791 perhibens
1188 2698 1378 2768 accusato·

189 2851 269 2902 rem
305 2850 382 2901 sese
416 2826 562 2911 ἀδίκως
588 2825 773 2904 ἀπολέσαι
797 2824 968 2912 studere,
994 2824 1178 2908 alterum,
1205 2821 1305 2914 quod
1332 2821 1380 2891 ad

190 2955 260 3028 hoc
294 2955 626 3028 demonstrandum
661 2953 822 3047 profert,
848 2954 1117 3045 argumentum
1142 2950 1199 3020 ita
1222 2949 1262 3018 in
1288 2948 1380 3018 duas

191 3085 317 3175 partes
350 3082 563 3170 distribuit,
598 3085 644 3153 ut
677 3081 716 3152 in
749 3080 891 3174 priore,
926 3078 1016 3172 quid
1042 3076 1276 3150 adversarius
1302 3097 1381 3155 non,

188 3209 340 3298 iecerit,
378 3210 418 3280 in
456 3210 596 3298 altera,
627 3208 718 3301 quid
752 3207 910 3296 fecerit,'
931 3207 1074 3278 doceat.
1102 3205 1162 3276 Ita
1188 3204 1379 3291 videmus,

189 3341 442 3410 accusatorem
477 3338 522 3409 de
555 3361 633 3409 una
666 3335 870 3428 eademque
905 3355 1017 3406 causa
1050 3339 1152 3422 (nam
1186 3353 1262 3404 non
1286 3333 1382 3424 puto·

189 3464 345 3536 dubium
379 3487 476 3554 esse,
508 3465 600 3559 quin
634 3464 774 3537 Reiskii
808 3463 890 3557 περὶ
921 3470 986 3535 τοῦ
1013 3461 1130 3534 αὐτοῦ
1156 3459 1382 3555 πράγματος

188 3593 425 3666 rescribentis
452 3593 667 3665 coniectura
692 3593 886 3685 probanda
907 3592 972 3682 sit)
994 3613 1070 3663 non
1092 3612 1211 3660 unum
1233 3609 1382 3681 parasse

190 3719 390 3807 iudicium,
427 3718 492 3791 sed
526 3721 650 3791 totam
677 3719 954 3791 accusationem
980 3717 1036 3787 ita
1062 3714 1291 3802 instituisse,
1317 3717 1383 3800 ut,

192 3848 223 3920 si
248 3871 333 3920 reus
360 3847 553 3919 absolutus
579 3847 695 3931 esset,
717 3846 839 3918 altera
860 3844 939 3918 eius
961 3841 1234 3917 condemnandi
1255 3863 1382 3933 super·

190 3977 286 4048 esset
317 3974 472 4048 occasio.
500 3972 555 4045 En
581 3972 745 4045 astutiae
771 3973 842 4045 viri
863 3972 980 4045 dolosi
1003 3975 1041 4043 et
1062 3969 1306 4042 fraudulenti.
1335 4009 1373 4019 —

189 4102 307 4174 Adest
330 4103 449 4197 igitur
468 4101 653 4196 oppositio
673 4101 774 4174 inter
795 4101 927 4174 verba:
942 4101 1011 4173 οὐκ
1025 4099 1381 4189 ἀναμφισβητήτως

191 4236 258 4304 ἕνα
297 4233 364 4305 τὸν
401 4231 534 4327 ἀγῶνα
575 4232 735 4319 ἐποιήσω
773 4232 812 4301 et
842 4227 1139 4322 ἀμφισβήτησιν
1174 4225 1244 4297 καὶ
1268 4225 1382 4321 λόγον

190 4361 373 4434 cusiriaco.
402 4360 604 4453 Hucusque
629 4356 757 4431 omnia
782 4359 883 4430 recte
905 4355 1150 4450 praecedunt;
1179 4355 1219 4423 at
1246 4352 1278 4424 si
1303 4352 1379 4423 iam

190 4488 393 4578 accedunt,
426 4508 523 4579 quae
557 4509 632 4559 non
658 4487 832 4579 spectant
858 4484 905 4555 ad
929 4479 1243 4557 corroborandam
1269 4501 1381 4573 oppo-

1221 4610 1234 4656 ι
