3424 5320
793 407 840 487 al

223 605 361 697 ποτέρῳ
386 601 462 695 χρὴ
487 609 704 687 neormam,
732 601 908 674 lacunam
929 601 1169 674 statuendam
1195 623 1293 691 esse,
1311 625 1412 690 nam,

222 730 262 802 ni
290 729 346 800 ita
380 726 579 817 faciamus,
606 728 833 822 particulam
859 729 933 826 γάρ
959 733 1048 802 ante
1073 739 1220 826 πρῶτον
1244 753 1320 803 non
1347 731 1413 803 ha·

222 858 390 930 bituram
423 877 521 945 esse,
558 878 633 950 quo
668 855 798 929 referri
822 858 950 950 possit.
978 858 1170 942 Quomodo
1197 857 1331 931 deinde
1356 860 1414 932 vir

222 984 460 1057 doctissimus
493 982 661 1073 hiatum,
695 1005 808 1077 quem
835 983 905 1056 sibi
931 1007 1131 1078 agnoscere
1156 984 1325 1076 videtur,
1353 1009 1413 1059 ex-

221 1110 401 1205 pleverit,
427 1109 465 1180 id
491 1131 700 1182 memorare
723 1111 964 1204 supersedeo,
990 1131 1077 1183 curn
1096 1112 1244 1183 nullam
1260 1115 1413 1187 omnino

222 1260 372 1312 causam
408 1237 535 1310 adesse
560 1259 750 1327 censeam,
777 1259 843 1310 cur
869 1239 1129 1332 suppleamus,
1155 1238 1254 1312 unde
1279 1240 1414 1313 vocula

223 1368 296 1465 γάρ
331 1365 619 1462 explicationem
656 1386 764 1436 suam
796 1365 967 1460 accipiat.
994 1364 1152 1438 Videtur
1178 1365 1278 1438 enirn
1303 1365 1413 1438 Bohl·

222 1517 405 1568 mannum
441 1492 631 1586 effugisse,
666 1493 895 1565 sententiam
920 1492 1255 1586 interrogativam:
1283 1496 1415 1568 καίτοι

224 1629 364 1720 ποτέρῳ
397 1623 472 1718 χρὴ
506 1631 726 1707 πιστεῦσαι;
761 1643 836 1693 non
863 1643 1009 1710 veram,
1038 1621 1099 1692 cui
1124 1621 1414 1715 respondeatur,

221 1751 285 1827 sed
310 1751 438 1824 fictam
463 1752 616 1821 tantum
643 1771 721 1821 esse
746 1748 1102 1844 interrogationem,
1128 1749 1257 1842 quales
1283 1772 1307 1820 a
1331 1751 1414 1824 rhe-

221 1879 368 1954 toribus
403 1877 664 1948 adhibeantur.
698 1875 789 1948 Post
824 1876 920 1949 tales
945 1877 1074 1948 autem
1101 1875 1414 1972 interrogationes

219 2006 424 2080 rhetoricas
457 2004 685 2098 particulam
716 2004 789 2100 γάρ
814 2004 862 2075 ad
887 2002 1203 2093 confirmandum,
1230 2004 1330 2098 quod
1355 2009 1412 2077 ta-

224 2135 297 2208 cite
319 2135 474 2204 tantum
497 2130 785 2224 respondeatur,
809 2153 875 2203 suo
890 2129 1209 2219 adesseloco,vix
1223 2134 1300 2221 est,
1314 2132 1413 2226 quod

227 2261 398 2354 pluribus
425 2259 589 2332 doceam.
612 2257 657 2354 cf.
680 2280 710 2331 e.
732 2281 767 2354 g.
790 2257 870 2349 §57
884 2282 891 2334 :
906 2260 1015 2341 τίνος
1029 2285 1068 2355 γε
1082 2255 1127 2347 δὴ
1141 2263 1250 2332 ἕνεκα
1265 2261 1333 2332 τὸν
1346 2259 1412 2331 ἄν·

225 2387 299 2486 δρα
322 2387 544 2476 απείιτεινα;
569 2384 656 2461 οὐδὲ
678 2385 752 2484 γαρ
765 2385 895 2483 ἔχθρα
908 2384 1069 2478 οὐδεμία
1084 2380 1129 2478 ἢν
1143 2387 1229 2480 ἐμοὶ
1242 2387 1410 2485 κάκείνῳ.

273 2517 421 2589 Ibidem:
445 2513 625 2606 ἐπειδὴδὲ
649 2517 669 2590 ὁ
691 2516 893 2612 ἄνθρωπος
915 2517 936 2588 ὃ
956 2518 1135 2612 πρότερος
1147 2518 1415 2611 βασανισθεὶς

223 2645 337 2721 οὐδὲν
362 2649 462 2745 ἔλεγε
487 2645 571 2720 κατ’
599 2649 711 2740 ἐμοῦ,
737 2651 823 2720 τότε
849 2645 1118 2737 εἰςβάλλοοσιν
1143 2645 1199 2729 εἰς
1220 2648 1263 2719 τὸ
1284 2647 1415 2719 πλοῖον

224 2777 268 2848 τὸ
287 2774 617 2873 γραμματείὸιον,
643 2779 712 2849 ἵνα
739 2775 856 2870 ταύτῃ
880 2770 1047 2869 γ’ἔχοιεν
1076 2774 1162 2865 ἐμοὶ
1189 2777 1256 2863 τὴν
1282 2774 1416 2848 αἰτίαν

226 2904 427 2996 ἐπιφέρειν·
461 2902 583 2992 ἐπειδὴ
617 2900 658 2975 δὲ
693 2900 917 2998 ἀνεγνώσθη
941 2903 985 2972 τὸ
1010 2901 1317 2998 γραμματείόιον
1344 2905 1414 2977 καί

225 3032 246 3103 ὁ
271 3035 428 3128 ὕστερος
453 3032 774 3125 βασανιζόμενος
798 3031 844 3102 ον’
869 3034 1087 3127 συνεφέρετο
1107 3042 1158 3127 τῷ
1179 3059 1415 3129 γραμματει-

225 3159 316 3258 δίῳ,
349 3162 476 3234 ον’κίτι
510 3158 595 3234 οἶόν
631 3155 709 3252 τ’ἦν
741 3158 940 3250 α’φανίσαι
965 3158 1014 3229 τοὶ
1038 3158 1354 3258 ἀναγνωσθέντα.
1382 3164 1421 3236 εί

224 3290 297 3387 γαρ
329 3293 521 3388 ἡγήσαντο
546 3292 614 3365 τὸν
638 3285 763 3397 ἄνδρα
789 3287 929 3360 πείσειν
951 3286 1029 3361 dut
1055 3295 1201 3386 πρώτης
1227 3293 1412 3383 καταψεύ-

224 3419 372 3495 δεσθαί
389 3450 480 3514 μοο,
509 3424 577 3495 ov'a
603 3421 653 3495 ἄν
674 3419 755 3494 ποτ’
775 3421 1071 3515 ἐμηχανήσαντο
1090 3419 1138 3492 τα
1158 3421 1200 3494 ἐν
1220 3429 1272 3517 τῷ
1294 3448 1414 3518 γραμ-

224 3547 419 3645 ματειδίῳ.
453 3551 619 3635 Quantas
654 3550 748 3621 mihi
783 3548 966 3622 adtulerit
992 3547 1260 3622 sollicitudines
1286 3571 1414 3623 servus
1463 3624 1470 3634 ,

225 3676 288 3750 ille
311 3680 458 3765 tortus,
483 3677 575 3749 satis
602 3676 727 3770 colligi
751 3678 878 3770 potest
903 3697 948 3748 ex
973 3675 1038 3764 iis,
1064 3698 1161 3768 quae
1185 3676 1233 3747 ad
1257 3677 1338 3767 §53
1351 3676 1414 3747 ad-

224 3804 366 3878 notavi.
389 3805 442 3877 At
463 3825 566 3893 ecce,
579 3826 696 3876 novas
709 3803 842 3875 turbas
855 3803 984 3875 movet
996 3802 1139 3875 servilis
1152 3803 1219 3874 illa
1231 3803 1413 3896 quaestio.

224 3931 325 4005 Nam
357 3933 448 4006 licet
474 3934 495 4006 ὁ
520 3933 792 4023 βασανισθείς
816 3933 856 4004 ei
881 3931 902 4004 ὁ
928 3928 1133 4026 ἄνθρωπος
1157 3931 1197 4002 in
1223 3933 1244 4022 ἓ
1268 3928 1314 4002 54
1341 3931 1415 4003 duo

223 4061 377 4132 tantum
411 4083 489 4135 esse
513 4061 668 4134 nomina
694 4059 1008 4133 adiudicandum
1034 4083 1154 4130 unum
1178 4081 1327 4132 servum
1354 4033 1422 4152 apss

225 4191 358 4282 pareat
391 4211 436 4262 ex
469 4189 592 4263 verbis
618 4187 880 4282 sequentibus:
909 4189 929 4260 ὁ
953 4186 1029 4279 μὲν
1053 4185 1127 4285 γάρ
1152 4187 1414 4277 βασανιζόμε-

224 4341 293 4400 νος
318 4340 353 4410 q.
381 4339 428 4407 s.,
454 4318 493 4390 et
518 4316 563 4391 de
588 4316 701 4388 unius
727 4317 881 4388 tantum
907 4315 1005 4389 servi
1029 4317 1179 4386 tortura
1204 4335 1414 4387 sermonem

226 4466 304 4518 esse
331 4445 492 4518 doceant
515 4444 631 4518 verba
657 4443 754 4536 §btz
781 4443 821 4516 ιί
840 4443 915 4541 γάρ
938 4447 1128 4542 ἡγήσαντο
1152 4444 1235 4516 τὸν
1255 4441 1414 4540 ἄνδρα
1481 4432 1484 4437 ’
