3424 5320
893 452 939 527 78

322 640 476 713 dixisset
501 639 556 710 ad·
573 639 732 728 crimen,
758 639 857 733 quod
884 661 1017 733 corpus
1039 639 1180 713 mortui
1192 639 1233 710 in
1247 661 1350 712 mare
1363 640 1512 714 1616616-

321 769 397 855 661,
430 766 746 861 redarguendum,
781 771 821 839 et
853 770 939 862 post
965 766 1067 859 530,
1093 767 1177 860 qui,
1203 767 1302 861 quod
1328 768 1373 840 de
1397 769 1515 842 homi-

321 916 414 965 num
446 896 596 972 tortura
630 896 821 987 prolatum
848 898 964 984 66661,
990 917 1078 968 vere
1103 895 1248 967 dictum
1275 917 1371 984 6666,
1397 895 1513 968 decla-

321 1023 417 1093 rent.
432 1019 534 1093 Haec
547 1024 677 1092 autem
689 1021 787 1093 16110
801 1023 917 1093 166166
930 1021 1132 1116 praebendi
1145 1021 1193 1092 ad
1205 1021 1512 1094 demonstrandas

321 1146 487 1241 singulas
521 1169 597 1248 166,
633 1170 769 1241 easque
804 1150 926 1237 10166,
960 1171 1027 1222 1106
1054 1171 1206 1242 prorsus
1231 1148 1371 1220 (1666111
1396 1148 1433 1219 in
1461 1171 1512 1221 66-

322 1275 535 1368 quentibus.
557 1273 657 1346 Nam
679 1278 879 1369 postquam
899 1280 1035 1365 testes,
1057 1276 1123 1370 qui
1139 1279 1225 1369 post
1238 1279 1259 1366 ξ
1273 1274 1317 1346 35
1334 1275 1511 1364 6116111111,

320 1402 554 1490 indicarunt,
595 1425 728 1474 verum
762 1425 858 1490 6666,
890 1402 990 1495 quod
1025 1405 1153 1474 orator
1187 1402 1435 1496 praedicasset
1467 1402 1513 1474 de

231 1627 235 1632 ¹
322 1529 461 1622 duplici
493 1530 591 1602 servi
627 1529 719 1602 torti
752 1529 994 1618 testimonio,
1026 1530 1226 1622 ipsumque
1251 1552 1400 1602 servum
1428 1532 1513 1622 post

322 1657 503 1745 alterum,
531 1657 631 1750 quod
657 1655 852 1745 edidisset,
879 1656 1142 1728 testimonium
1168 1680 1191 1727 a
1212 1656 1289 1728 suis
1309 1657 1427 1750 ipsius
1449 1656 1512 1728 dc-

322 1783 433 1854 minis
466 1783 714 1855 interemtum
747 1804 846 1871 esse,
880 1786 1008 1856 orator
1034 1807 1111 1856 non
1135 1785 1275 1864 transit
1300 1782 1347 1854 ad
1374 1805 1511 1856 novam

322 1931 492 2000 eausam,
526 1910 610 1998 sed,
640 1909 705 1981 diu
730 1912 905 1983 versatus
930 1910 970 1981 in
996 1911 1064 1982 illa
1089 1911 1290 1983 tractanda
1314 1912 1354 1983 61
1380 1911 1511 2004 ampli-

322 2037 485 2125 ficanda,
519 2037 641 2131 pergit
676 2037 829 2110 demum
854 2035 956 2128 553,
982 2039 1038 2110 ita
1064 2042 1108 2111 ut
1131 2039 1313 2127 testibus,
1340 2039 1404 2133 qui
1428 2040 1512 2133 post

322 2162 403 2255 §56
425 2164 601 2251 aderant,
627 2164 890 2238 testimonium
916 2165 1113 2239 dicendum
1138 2165 1254 2238 fuerit
1280 2169 1320 2238 et
1340 2165 1386 2238 de
1406 2187 1511 2239 servo

321 2292 386 2364 illo
420 2295 522 2365 torto
557 2293 596 2364 et
621 2291 666 2364 de
691 2291 838 2380 libello,
863 2315 976 2385 quem
1001 2293 1205 2366 adversarii
1231 2316 1254 2363 a
1279 2316 1343 2366 reo
1369 2293 1416 2364 ad
1441 2293 1511 2386 Ly-

323 2420 450 2492 cinum
485 2419 641 2490 missum
675 2441 752 2491 6666
785 2418 1105 2492 adseverauerant.
1142 2418 1284 2510 Sentis,
1320 2420 1449 2494 adesse
1471 2420 1511 2491 in

181 2629 184 2633 ,
323 2546 467 2618 1161116
497 2546 675 2633 lectione,
708 2545 807 2638 quod
842 2546 1055 2638 displiceat,
1090 2549 1264 2641 quodque
1290 2547 1511 2619 adiunctum

323 2675 454 2762 alteri,
476 2696 591 2767 quam
609 2673 740 2766 attigi,
757 2673 989 2764 difficultati,
1005 2676 1208 2749 verisimile
1221 2677 1370 2772 reddat,
1377 2676 1509 2748 verba:
1575 2747 1578 2752 A

323 2805 464 2876 τούτων
499 2799 539 2872 δὲ
572 2801 768 2895 μάρτυράς
801 2828 871 2892 μοι
905 2801 1008 2874 κάλει
1044 2826 1120 2876 11011
1146 2825 1213 2876 suo
1238 2804 1318 2876 1060
1344 2804 1429 2897 legi.
1456 2802 1511 2874 Ut

322 2929 445 3002 brevis
478 2929 570 3017 sim,
603 2931 703 3000 16616
736 2950 845 3023 agere
880 2930 973 3000 mihi
1008 2931 1136 3003 videor
1170 2930 1364 3003 inserendo
1398 2929 1511 3002 verba

322 3057 487 3149 undique
519 3055 668 3148 repulsa
702 3058 786 3148 post
818 3055 917 3146 §bh
945 3056 1078 3147 61611,
1105 3059 1204 3150 quod
1230 3057 1511 3148 631616666-

322 3188 450 3277 perat,
487 3205 562 3256 non
600 3182 760 3276 amplius
797 3183 1042 3273 lacerabitur,
1081 3187 1120 3258 61
1158 3185 1292 3257 melius
1328 3185 1407 3278 ipse
1442 3184 1511 3257 sibi

323 3310 512 3384 constabit
536 3309 731 3401 Antiphon
755 3310 794 3380 in
822 3310 983 3383 testibus
1003 3311 1236 3405 praebendis.
1259 3310 1374 3385 Recte
1396 3332 1511 3384 nunc-

321 3437 399 3508 iam
434 3436 513 3527 §52
551 3436 671 3508 016110
703 3437 920 3510 instituitur
953 3437 1141 3510 averbis:
1177 3441 1198 3527 ἡ
1233 3438 1306 3529 μὲν
1332 3439 1513 3532 βάσανος

324 3553 354 3637 d
379 3562 517 3657 ἄνδρες
543 3565 697 3652 τοιαύτη
724 3569 921 3660 γεγένηται
946 3589 980 3658 q.
994 3588 1036 3653 6.,
1063 3589 1086 3636 6
1106 3565 1240 3658 quibus
1261 3589 1328 3659 per
1348 3568 1511 3661 particu-

323 3695 401 3766 lam
427 3691 474 3765 δέ
493 3693 533 3764 in
561 3692 642 3783 §53
670 3692 717 3764 ad
743 3715 884 3766 novum
907 3693 1048 3766 crimen
1069 3693 1113 3765 fit
1133 3694 1512 3785 transitus,quccum

324 3821 370 3894 cf.
404 3821 504 3911 §212
531 3825 552 3910 ἡ
577 3819 652 3936 μὲν
677 3821 872 3915 πρόφασις
900 3821 1064 3917 ἑκατέρῳ
1087 3828 1154 3893 τοῦ
1181 3821 1272 3893 πλοῦ
1296 3823 1407 3909 αὕτη·
1437 3823 1512 3896 ἕτύ·

323 3975 448 4042 χομιν
473 3947 520 4022 δέ
541 3953 631 4023 6611.

372 4078 477 4188 536,
492 4079 610 4171 ἐχρῆν
631 4073 704 4167 μὲν
730 4076 804 4174 γάρ
830 4079 991 4166 αὐτούς,
1019 4079 1071 4162 ὡς
1097 4076 1170 4175 ἐγὼ
1193 4081 1350 4168 νομίζω,
1375 4078 1512 4152 ἐνθάδε

303 4211 569 4303 παρέχοντας
602 4207 670 4279 τὸν
703 4209 873 4298 μηνυτὴν
908 4208 1027 4280 αὐτὸν
1060 4205 1288 4302 ἀπελέγχειν
1323 4208 1409 4297 ἐμέ,
1444 4208 1512 4280 καὶ

323 4337 425 4430 αὐτῷ
452 4339 568 4432 τούτῳ
593 4343 768 4430 χρῆσθαι
794 4334 1059 4431 ἀγωνίσματι,
1087 4337 1241 4429 ἐμφανῆ
1263 4340 1512 4431 παρέχοντας

323 4465 391 4536 τὸν
428 4464 553 4561 ἄνδρα
590 4466 660 4537 καὶ
695 4465 915 4549 κελεύοντας
940 4467 1195 4558 βασανίζειν,
1223 4464 1320 4536 utta
1343 4468 1395 4557 μὴ
1420 4465 1511 4539 ἀπο-
