3424 5320
789 461 835 535 79

217 659 376 724 κτεῖναι.
410 649 651 739 Jemstedtii,
684 649 765 722 loco
799 648 1031 743 pronominis
1057 649 1177 722 αυτόν
1202 649 1242 721 in
1262 646 1430 722 verbisz'

218 774 358 849 ἐνθάδε
384 781 632 873 παρέχοντας
654 777 721 849 τὸν
743 779 911 866 μηνυτὴν
933 775 1048 849 αυτὸν
1070 777 1298 872 ἀπελέγχειν
1323 778 1407 868 ἐμέ,

214 905 456 998 proponentis
490 907 628 988 οὗτος,
663 905 877 978 coniectura
903 926 946 976 eo
971 904 1047 974 iam
1073 905 1280 993 refellitur,
1307 905 1407 998 quod

214 1053 292 1105 voc.
320 1035 439 1115 οὕτως
467 1033 624 1104 eandem
651 1031 814 1105 efficeret
833 1031 1211 1124 sententiam,quam
1225 1032 1407 1126 praebent

215 1179 319 1251 seqq:
347 1161 448 1252 (καὶ)
474 1161 577 1254 αὐτῷ
602 1162 721 1256 τούτῳ
744 1162 935 1252 (χρῆσθαι
949 1158 1233 1255 ἀγωνίσματι),
1249 1159 1273 1230 i.
1289 1181 1319 1231 e.
1335 1162 1405 1251 (et)

213 1285 293 1378 ipsa
324 1285 394 1359 hac
422 1309 468 1394 re
502 1290 583 1380 (pro
618 1289 843 1380 argumento
877 1285 961 1377 uti).
998 1285 1174 1358 Ceterum
1199 1307 1405 1380 pronomen

214 1411 315 1506 αὐτῷ
350 1415 469 1507 τούτῳ
502 1416 670 1506 spectare
705 1412 774 1483 ad:
802 1411 942 1485 ἐνθάδε
970 1417 1219 1508 παρέχοντας
1244 1414 1313 1486 τὸν
1337 1442 1406 1504 μη-

211 1543 327 1626 νυτὴν
370 1541 490 1612 αυτὸν
525 1539 749 1636 ἀπελέγχειν
783 1541 854 1628 έμέ
884 1539 940 1610 ita
971 1544 1028 1612 est
1064 1540 1323 1634 perspicuum,
1357 1543 1403 1612 ut

212 1687 279 1760 ego
311 1669 380 1737 aut
412 1665 522 1739 valde
555 1665 685 1748 fallar,
721 1673 790 1738 aut
821 1667 904 1738 iure
939 1666 1166 1760 Antiphonti
1191 1667 1402 1740 abiudicem

210 1795 405 1887 sequentia
430 1796 581 1886 ἐμφανῆ
608 1799 854 1886 παρέχοντας
879 1796 948 1868 τὸν
961 1793 1087 1890 ἄνδρα
1102 1795 1170 1867 καὶ
1184 1795 1403 1878 κελεύοντας

209 1919 455 2010 βασανίζειν.
489 1923 547 1995 Ab
573 1923 747 1995 omnibus
773 1923 928 2015 quidem
954 1922 1042 1994 viris
1068 1923 1205 2011 doctis,
1232 1923 1297 2015 qui
1326 1922 1402 1994 An·

138 2065 141 2070 ·
208 2050 374 2143 tiphonti
411 2050 562 2144 ingenio
602 2052 638 2121 et
678 2050 807 2122 labore
847 2072 914 2122 suo
939 2050 1133 2143 hucusque
1157 2048 1402 2145 profuerunt,

200 2177 326 2257 ¹verba
351 2176 418 2247 illa
443 2177 591 2271 integra
618 2184 657 2249 et
682 2177 827 2248 intacta
851 2177 984 2250 relicta
1009 2182 1117 2266 sunt,
1145 2177 1207 2250 sed
1229 2179 1276 2251 ob
1291 2161 1408 2249 nimis

211 2304 410 2377 molestam
435 2309 475 2377 et
499 2305 661 2395 nudam,
683 2328 798 2398 quam
819 2305 1015 2377 continent
1036 2327 1187 2395 eorum,
1209 2328 1306 2399 quae
1323 2307 1400 2376 iam

211 2432 312 2504 dicta
346 2436 454 2522 sunt,
484 2434 767 2527 repetitionem,
793 2434 967 2527 equidem
992 2455 1066 2505 non
1094 2434 1225 2506 dubito
1251 2457 1295 2506 ea
1319 2433 1401 2506 red·

210 2562 296 2635 dere
331 2562 564 2658 magistello,
598 2563 663 2657 qui
697 2585 763 2656 per
796 2563 887 2636 haec
917 2563 1051 2652 verba,
1075 2563 1116 2634 in
1142 2563 1310 2656 margine
1335 2584 1400 2655 po·

209 2689 301 2779 sita,
328 2690 636 2788 explicationem,
661 2713 736 2782 qua
762 2711 854 2783 opus
879 2690 1060 2782 putabat,
1084 2688 1254 2782 praeberi
1279 2689 1402 2760 voluit

208 2817 417 2890 vocabulis:
447 2818 550 2910 αὐτῷ
575 2819 702 2912 τούτῳ.

228 3034 231 3040 ¹
259 2942 351 3034 537.
379 2949 468 3026 τους
496 2941 538 3015 δὲ
564 2949 768 3040 προτέρους
793 2943 933 3039 λόγους
957 2943 1046 3027 τοὺς
1071 2949 1400 3036 κατεψευσμένους

210 3064 306 3160 ἦσαν
339 3081 381 3144 οἱ
407 3071 663 3162 α’φανιοῡντες
689 3074 782 3144 ὥστε
806 3069 991 3163 μηδέποτε
1016 3072 1072 3155 εἰς
1098 3073 1141 3143 τὸ
1167 3069 1307 3160 ἀληθὲς
1333 3097 1397 3142 κα·

209 3211 408 3290 ταστῆναι.
444 3201 524 3290 Ita,
558 3201 786 3300 utqopinor,
813 3201 913 3274 inter
938 3195 1067 3273 onmes
1092 3205 1259 3291 constat,
1285 3202 1399 3274 verba

208 3352 231 3400 a
257 3353 317 3402 me
343 3330 462 3402 citata
486 3329 624 3407 vitium
650 3329 769 3418 alere,
794 3332 840 3400 ut
859 3328 896 3400 id
918 3328 1129 3401 accuratius
1142 3328 1398 3402 demonstrare

207 3458 469 3550 supersedens,
506 3456 598 3528 satis
636 3456 796 3530 habeam
830 3477 1038 3528 memorare
1084 3455 1377 3529 Herwerdenum
1389 3513 1398 3548 ‚

207 3587 412 3675 praeeunte
438 3583 620 3676 SauppiO,
646 3583 718 3655 sibi
739 3582 985 3677 Antiphontis
1007 3606 1164 3655 manum
1177 3606 1397 3678 recuperare

208 3710 326 3783 videri
367 3710 540 3805 legendo:
577 3710 665 3794 τους
699 3708 740 3783 δὲ
772 3717 974 3806 προτέρους
1011 3711 1150 3806 λόγους
1175 3713 1263 3796 τοὺς
1290 3739 1396 3787 κατε-

209 3845 443 3930 ψευσμένους
488 3840 581 3912 ὥστε
616 3837 797 3931 μηδέποτ’
835 3841 891 3922 εἰς
930 3837 1092 3927 τάληθὲς
1133 3855 1399 3933 καταστῆναι,

206 3963 307 4056 ᾖσαν
332 3978 373 4040 οἱ
397 3967 652 4058 αφανιοῦντες
679 3969 859 4054 (αὐτόν).
888 3967 991 4039 Licet
1017 3968 1190 4061 equidem
1215 3993 1291 4043 non
1313 3971 1396 4042 infi-

206 4096 307 4184 tier,
341 4096 456 4169 verba
490 4096 546 4168 ita
578 4096 677 4168 lecta
711 4095 846 4168 melius
881 4117 919 4168 se
950 4095 1106 4186 habere,
1133 4120 1247 4189 quam
1273 4121 1347 4190 quo
1372 4121 1396 4168 a

112 4224 118 4240 ’
208 4224 393 4298 codicibus
418 4224 561 4296 tradita
582 4225 659 4296 sint
681 4224 830 4313 ordine,
850 4227 982 4295 tamen
995 4223 1089 4294 mihi
1101 4222 1395 4318 haudquaquam

206 4351 420 4446 persuaderi
444 4355 586 4444 potest,
612 4351 885 4445 Antiphontem
910 4349 1136 4443 pendentem
1158 4348 1286 4423 fecisse
1307 4351 1393 4423 Infi-

207 4482 391 4555 nitivum:
437 4481 529 4552 ὥστε
574 4477 754 4571 μηδέποτ’
799 4477 855 4561 εἰς
892 4475 1055 4565 τάληθὲς
1094 4493 1331 4569 καταστῆναι
1371 4503 1395 4550 a
