3366 5324
762 434 809 513 39

173 631 262 720 cst,
294 652 401 720 eum,
435 629 502 724 qui
539 630 691 703 eaedem
718 628 927 720 commisit,
952 629 993 701 in
1018 629 1198 704 iudicium
1223 652 1377 722 vocare,

174 781 257 853 qno
279 757 451 860 expietur
472 757 691 851 contagium
703 756 895 850 scelusque
908 757 1087 830 abluatur
1100 760 1141 832 et
1152 758 1210 830 ira
1222 759 1378 832 deorum

173 887 223 958 in
256 908 367 974 eum,
400 884 466 978 qui
499 886 631 956 auctor
660 882 833 956 maleficii
859 885 1067 979 culpaeque
1093 885 1273 959 obnoxius
1299 889 1377 977 est,

175 1013 465 1106 detorqueatur,
483 1012 541 1083 ita
558 1033 763 1099 summum,
776 1011 876 1104 quod
897 1012 1086 1085 committi
1105 1015 1243 1106 potest,
1256 1013 1376 1086 scelus

176 1141 434 1214 committunt
464 1137 621 1222 iudices,
657 1159 745 1208 cum
777 1159 844 1232 pro
879 1138 1063 1212 maleficio
1096 1140 1248 1213 sceleste
1273 1140 1375 1213 nefa·

176 1268 312 1361 rieque
344 1267 498 1360 patrato
531 1285 668 1359 poenas
700 1285 775 1336 non
814 1268 971 1338 sumunt
1005 1266 1178 1340 accedis
1204 1270 1375 1360 auctore,

179 1393 229 1468 cf.
262 1396 312 1465 B.
348 1423 382 1492 γ.
419 1395 441 1484 ἕ
472 1394 534 1465 12:
562 1405 628 1482 τῆς
653 1383 723 1467 οὖν
747 1393 933 1490 ὑμετέρας
955 1393 1151 1486 εὐσεβείας
1174 1399 1283 1485 ἕνεκα
1310 1397 1377 1470 καὶ

181 1532 262 1595 τῶν
294 1523 429 1615 νόμον
462 1519 675 1620 ἀπάγοντες
709 1526 936 1617 τιμωρεῖσθε
961 1523 1092 1608 αὐτόν,
1121 1523 1239 1609 (καὶ)
1266 1526 1381 1599 αὐτοί

181 1680 223 1724 τε
242 1654 295 1743 μὴ
312 1649 553 1745 μεταλάβητε
576 1661 642 1740 τῆς
663 1651 796 1724 τούτου
819 1652 986 1746 μιαρίας
1009 1653 1097 1724 cett.
1121 1653 1161 1723 et
1181 1655 1230 1730 Γ.
1244 1651 1287 1745 β.
1302 1653 1378 1744 §8:

182 1779 331 1864 α’δίκως
370 1779 446 1872 μὲν
483 1777 556 1877 γάρ
595 1776 816 1864 ἀπολυθείς,
852 1777 921 1851 δια
953 1780 999 1852 τὸ
1029 1782 1083 1872 μὴ
1117 1779 1244 1876 ὀρθῶς
1277 1761 1381 1866 ὑμᾶς

183 1906 435 2002 διδαχθῆναι
477 1906 699 2004 δτιὸφὺγών,
737 1917 803 1983 τοῦ
839 1911 891 2000 μὴ
929 1905 1164 1995 διδάξαντος
1195 1910 1263 1982 καὶ
1305 1911 1382 2004 οὐχ

180 2039 365 2136 ὑμέτερον
387 2039 455 2110 τὸν
476 2039 756 2134 προςτρόιεαιον
776 2045 840 2110 τοῦ
854 2035 1127 2120 αἰιοθανόντος
1140 2043 1379 2127 καταστήσω,

183 2168 224 2239 et
256 2171 277 2259 ξ
311 2167 354 2239 9:
382 2166 488 2240 ταῦτ’
515 2157 585 2241 οὖν
609 2164 773 2252 εἰδότες,
799 2166 967 2239 τουτοισὶ
993 2167 1037 2238 τὸ
1061 2166 1243 2260 ἀσέβημα
1268 2176 1380 2242 τοῦτο

187 2295 412 2380 ἀναθέντες,
440 2295 559 2368 αὐτοί
576 2323 614 2368 τε
640 2295 813 2390 καθαροὶ
834 2307 900 2384 τῆς
921 2296 1055 2380 αἰτίας
1075 2301 1231 2393 γένεσθε
1254 2298 1325 2384 ἐμέ
1342 2326 1378 2370 τε

189 2425 307 2507 ὁσίως
341 2423 411 2495 καὶ
446 2419 611 2506 δικαίως
645 2421 832 2496 οἷττολύετε.
869 2422 991 2509 Quare
1028 2427 1068 2496 et
1100 2424 1239 2499 iudices
1271 2448 1381 2515 eum,

189 2553 255 2647 qui
287 2551 409 2624 caedis
443 2552 635 2624 convictus
670 2554 745 2638 est,
780 2555 930 2641 arcent,
965 2551 1064 2624 unde
1097 2553 1277 2626 arcendus
1304 2557 1383 2643 est,

189 2683 230 2754 et
262 2680 361 2774 ipse,
395 2679 462 2773 qui
495 2679 645 2752 caedem
680 2679 888 2769 commisit,
915 2702 992 2753 non
1018 2681 1188 2754 adeundo
1214 2681 1384 2771 saluca,

189 2829 229 2880 se
260 2807 358 2901 ipse,
384 2807 573 2899 quantum
598 2805 679 2878 fieri
704 2808 851 2899 potest,
877 2806 1026 2900 expiare
1052 2806 1213 2900 deosque
1238 2806 1386 2901 placare

190 2933 337 3023 studet;
365 2933 510 3028 quade
534 2955 575 3006 re
600 2933 648 3022 is,
674 2933 740 3026 qui
765 2934 976 3007 orationem
1008 2935 1179 3030 περὶτοῦ
1204 2943 1386 3030 χορεοτοῡ

191 3063 345 3151 habuit,
366 3060 494 3156 pulcre
514 3060 694 3134 disserens
718 3060 764 3132 ab
786 3060 1023 3154 Antiphonte
1041 3061 1235 3134 inducitur
1250 3061 1303 3133 VI
1315 3063 1337 3153 5
1350 3061 1384 3135 4.

240 3189 346 3262 Talia
358 3211 506 3263 mecum
520 3191 720 3282 reputans,
734 3189 832 3260 hanc
848 3210 979 3261 censeo
993 3189 1221 3262 sententiam
1236 3189 1386 3263 subesse

193 3319 364 3412 oportere
399 3317 521 3391 verbis
554 3315 755 3392 manifesto
789 3315 990 3409 corruptis:
1033 3315 1085 3402 „si
1117 3339 1202 3406 vos,
1227 3317 1386 3408 iudices,

194 3445 310 3536 hunc,
344 3468 457 3540 quem
482 3445 587 3519 vobis
611 3445 652 3517 in
679 3445 863 3517 iudicium
888 3444 1048 3532 adduxi,
1073 3445 1239 3520 criminis
1265 3447 1386 3520 absol-

196 3574 308 3658 vetis‚
331 3576 417 3645 tum
439 3595 560 3667 neque
580 3595 701 3667 acqua
724 3575 762 3644 et
784 3573 886 3644 iusta
908 3573 1076 3666 patietur
1089 3595 1194 3646 meus
1207 3574 1325 3660 filius,
1340 3617 1387 3628 -

195 3723 283 3772 nam
295 3723 405 3774 reum
418 3700 645 3773 absolvendo
659 3699 845 3786 efficietis,
859 3701 906 3772 ut
917 3722 1046 3773 omnes
1058 3703 1215 3794 putent,
1229 3723 1388 3796 puerum

196 3851 260 3901 sua
292 3829 364 3902 sibi
397 3852 512 3900 manu
547 3830 710 3900 mortem
744 3826 918 3900 intulisse
954 3871 1001 3882 —
1037 3849 1106 3901 nec
1132 3827 1387 3902 adversarium

196 3956 401 4031 liberabitis
434 3955 601 4050 piaculo,
636 3978 710 4049 quo
746 3955 950 4028 obstrictus
978 3958 1146 4043 tenetur,
1172 3956 1204 4028 si
1229 3978 1304 4029 non
1330 3978 1388 4027 ar-

197 4085 342 4158 cebitur
380 4058 404 4155 a
426 4083 536 4168 lucia,
563 4105 661 4177 quae
686 4083 722 4156 ei
747 4081 850 4155 adire
875 4082 932 4156 fas
959 4104 1036 4155 non
1061 4086 1130 4156 est.
1168 4082 1388 4167 Praeterea,

196 4213 227 4284 si
261 4212 332 4284 hac
356 4210 502 4283 ratione
528 4209 669 4304 agetis,
696 4209 824 4282 divina
848 4210 931 4305 lege
958 4210 1106 4284 sceleris
1131 4208 1322 4304 piaculum
1349 4208 1389 4282 in

196 4341 344 4412 vosmet
380 4337 477 4432 ipsos
502 4337 689 4410 redundet
713 4356 861 4410 necesse
889 4339 964 4426 est;
991 4339 1220 4430 quapropter
1243 4336 1283 4408 in
1307 4337 1390 4408 tam

196 4465 403 4560 periculosa
437 4486 497 4549 re,
531 4462 667 4558 nequid
693 4485 738 4536 ex
763 4485 807 4536 ea
831 4463 937 4537 vobis
963 4463 1055 4535 mali
1080 4462 1246 4548 accidat,
1273 4486 1388 4557 quam
