3366 5324
753 487 800 560 53

173 678 252 774 χίᾳ
285 677 330 748 ὃν
355 676 425 748 ουίι
450 677 584 765 ἢθελεν
609 676 837 752 άπέκτεινεν.
870 678 974 751 Num
999 681 1273 777 interponenda
1299 685 1371 759 erit

173 805 364 900 particula
390 807 466 877 καί
485 806 630 882 verbis:
656 808 677 880 ὁ
703 805 745 880 δὲ
772 809 812 880 et
836 806 975 899 μείζωλ

225 933 293 1026 ἓξ).
317 935 389 1007 ὑπὸ
414 932 456 1007 δὲ
478 944 544 1008 τοι)
563 934 695 1033 ἰατροῦ
717 936 879 1028 φάσκων
900 938 1017 1010 αὐτὸν
1035 936 1262 1024 άποθανεῐν,
1278 943 1371 1024 (ori)

174 1061 367 1154 θαυμάζω
392 1063 454 1136 ὅτι
478 1063 544 1155 ὑφ’
572 1068 681 1157 ἡμῶν
707 1071 784 1137 τῷν
805 1066 1179 1160 συμβουλευσάντων
1200 1069 1369 1165 ἐπιτρεφ-

175 1193 301 1280 θηναί
324 1217 444 1282 φησιν
469 1193 588 1265 αὐτὸν
614 1191 896 1292 διαφθαρῆναι.
924 1195 994 1268 καί
1016 1195 1089 1293 γάρ
1112 1196 1163 1271 ἂν
1183 1196 1288 1286 εἰμὴ
1309 1197 1369 1269 ε’π·

173 1327 408 1417 ετρέιμαμεν,
435 1320 496 1394 ὑπ’
523 1319 754 1420 άθεραπείας
775 1323 826 1397 άν
853 1324 923 1415 ἔφη
944 1323 1220 1422 διαφθαρῆναι
1236 1327 1367 1400 αὐτόν.

176 1447 217 1519 εἰ
245 1446 293 1521 δέ
318 1477 376 1522 τοι
403 1450 470 1523 καὶ
496 1451 568 1524 ὑπὸ
595 1461 660 1526 του
688 1451 821 1549 ἰατροῦ
846 1452 1062 1544 άπέθανιν,
1090 1455 1111 1527 ὁ
1135 1452 1211 1546 μὲν
1237 1453 1370 1550 ἰατρὸς

175 1579 220 1650 ου’
253 1579 388 1670 φονεὺς
418 1581 535 1654 αυτοῦ
562 1579 667 1655 ε’στίν
694 1625 739 1634 -
767 1584 787 1654 ὁ
813 1582 885 1680 γάρ
911 1589 1035 1673 νόμος
1061 1581 1214 1657 άπολύει
1238 1584 1369 1675 αὐτόν,

175 1706 243 1780 διά
282 1706 324 1780 δὲ
360 1707 429 1792 τάς
463 1710 596 1783 τούτου
631 1709 775 1807 πληγάς
806 1711 1089 1807 ἐπιτρεψάντων
1114 1717 1220 1805 ημῶν
1246 1713 1368 1808 αὐτῷ,

174 1845 255 1919 πῶς
280 1835 332 1907 ἂν
355 1835 469 1920 άλλος
493 1864 555 1921 τις
581 1841 602 1926 ἢ
629 1839 648 1910 ὁ
676 1837 921 1934 βιασάμενος
942 1845 1044 1933 ἡμᾶς
1065 1846 1244 1939 χρῆσθαι
1266 1842 1369 1936 αὐτῷ

174 1965 311 2056 φονεὺς
344 1969 397 2054 εἴη
431 1964 498 2054 άν;
534 1965 629 2038 Cum
663 1966 703 2037 in
733 1966 844 2040 huius
869 1969 942 2042 loci
967 1969 1076 2042 initio
1103 1970 1244 2042 codices
1270 1969 1371 2042 inter

173 2115 212 2165 se
245 2092 474 2187 discrepent,
505 2116 595 2164 nam
621 2093 784 2186 quaein
809 2094 934 2168 codiee
960 2093 996 2167 N
1022 2098 1107 2189 post
1132 2096 1247 2170 verba
1275 2101 1370 2168 θου-

175 2223 285 2313 μάζω
310 2221 371 2293 ὅτι
397 2223 522 2294 exstat
546 2221 697 2315 negatio
717 2223 762 2293 ου
761 2248 793 2314 χ
815 2245 838 2292 a
860 2223 983 2295 codice
1002 2223 1035 2293 A
1059 2223 1184 2313 abest,
1206 2223 1369 2296 Blassius

177 2351 375 2443 utriusque
395 2348 482 2421 libri
503 2348 702 2422 lectionem
724 2350 914 2439 deserens,
935 2349 1145 2445 Hirschigio
1168 2352 1370 2441 consentit,

177 2478 242 2572 qui
277 2476 457 2566 conlatis,
491 2498 588 2570 quae
614 2477 657 2570 β.
685 2476 754 2567 54.
782 2476 827 2550 de
852 2478 922 2550 hac
948 2501 989 2551 re
1015 2480 1063 2551 ab
1088 2481 1263 2552 accusato
1289 2502 1369 2573 pro·

175 2605 370 2694 feruntur,
412 2604 652 2699 negationem
689 2605 814 2699 potius
853 2609 942 2679 ante
980 2607 1142 2706 verbum·
1178 2609 1370 2702 θαυμάζω

175 2734 386 2831 ponendam
413 2734 550 2817 censet.
576 2732 649 2824 At,
676 2735 721 2804 ut
744 2736 783 2806 et
805 2734 896 2828 ipsi,
918 2758 1011 2806 num
1032 2757 1163 2808 revera
1183 2736 1207 2807 l.
1223 2737 1247 2808 l.
1270 2737 1370 2826 ulla,

175 2884 243 2934 cur
273 2861 330 2933 ita
362 2860 544 2932 faciamus
578 2860 675 2932 adsit
711 2883 843 2950 eausa,
869 2861 1134 2952 diiudicemus‚
1157 2865 1370 2936 accuratius

176 2989 253 3061 ianr
278 2987 538 3083 inspiciamus,
560 3010 656 3080 quae
677 3009 763 3061 reus
786 2987 878 3060 facit
899 2990 1029 3062 verba:
1054 2997 1125 3063 νῦν
1147 2989 1190 3063 δὲ
1212 2992 1369 3077 πολλοῖς

174 3120 339 3214 ἡμέραις
375 3119 531 3211 ὕστερον
564 3121 753 3210 μοχθηρῷ
787 3115 904 3214 ἰατρῷ
940 3121 1180 3217 ἰπιτρεφθείς
1207 3118 1277 3193 διά
1303 3126 1369 3211 τὴν

176 3256 243 3320 τοὺ
269 3245 401 3343 ἰατροῦ
426 3245 655 3342 μοχθηρίαν
680 3246 750 3318 καί
772 3247 817 3319 ου’
838 3244 906 3319 διά
927 3246 997 3332 τάς
1020 3250 1163 3346 πληγάς
1184 3249 1366 3324 ἀπέθανε.

176 3374 430 3472 προλεγόντων
467 3375 541 3472 γάρ
572 3375 674 3470 αὐτῷ
705 3382 782 3448 τῷν
816 3374 935 3450 ἄλλων
968 3376 1131 3473 ἰατρῶν,
1167 3380 1205 3453 εἰ
1224 3381 1366 3468 ταύτην

175 3507 243 3592 τὴν
263 3504 471 3600 θεραπείαν
493 3506 783 3601 θεραπεύσοιτο,
805 3505 868 3578 ὅτι
891 3505 1051 3597 ἰάσιμος
1072 3509 1127 3581 ὢν
1145 3504 1365 3605 διαφθαρη-

175 3658 299 3719 σοιτο,
325 3629 376 3702 δι’
393 3631 498 3718 ὑμᾶς
519 3632 608 3717 τους
630 3633 877 3724 συμβούλους
899 3632 1155 3731 διαφθαρείς,
1172 3637 1258 3727 ἐμοὶ
1275 3635 1364 3710 άνό-

176 3785 263 3832 σιον
297 3760 465 3856 ἔγκλημα
494 3761 743 3856 προσέβαλεν.
778 3761 878 3833 Reus
904 3761 1021 3854 igitur
1046 3785 1090 3835 eo
1116 3763 1177 3837 vel
1202 3764 1367 3837 maxime

174 3894 375 3985 gravatur,
400 3889 500 3983 quod
525 3888 728 3962 adversarii
753 3911 896 3978 senem,
923 3889 983 3961 cui
1008 3889 1296 3985 diligentissima
1318 3893 1366 3965 ad

173 4019 341 4092 sananda
373 4018 440 4091 illa
472 4018 512 4089 in
545 4017 750 4090 certamine
779 4016 888 4088 illata
922 4017 1080 4092 vulnera
1114 4043 1206 4115 opus
1232 4021 1365 4094 fuisset

173 4148 385 4235 curatione,
433 4167 548 4240 pravo
592 4145 788 4237 malaeque
824 4147 937 4218 notae
956 4146 1119 4220 'medico
1157 4147 1365 4219 curandum

171 4274 409 4348 tradiderint.
448 4274 543 4359 Quid
581 4273 724 4345 facturn
762 4273 991 4365 oportuerit,
1027 4273 1193 4346 indicant
1228 4275 1363 4366 verba,

171 4402 328 4498 quibua,
353 4401 444 4495 quid
469 4401 568 4473 male
593 4399 769 4489 fecerint,
796 4399 850 4471 eis
871 4403 960 4473 ante
982 4401 1107 4474 oculos
1128 4402 1255 4494 ponit:
1279 4403 1364 4477 πολ-

170 4533 260 4615 λαῖς
285 4534 445 4626 ἡμέραις
470 4533 626 4626 ὕστερον
652 4570 693 4580 -
716 4532 905 4624 μοχθηρῷ
926 4527 1043 4626 ἰατρῷ
1065 4531 1303 4627 ἐπιτρεφθείς
1318 4576 1364 4585 -
