3366 5324
645 1307 972 1415 PRAEFATIO.

269 1717 504 1812 Singularem
525 1716 625 1788 inter
644 1717 840 1788 oratorum
857 1736 1077 1808 graecorum
1089 1714 1266 1807 reliquias
1282 1714 1407 1787 locum

221 1845 396 1919 obtinent
415 1843 661 1938 Antiphontis
682 1841 907 1914 Rhamnusii
925 1834 1150 1935 quindecim,
1164 1843 1230 1935 qui
1243 1844 1411 1915 aetatem

221 1973 417 2062 tulerunt,
430 1972 540 2069 λόγοι
555 1969 789 2061 δικαστικοί,
804 1992 902 2064 quae
914 1970 1102 2043 orationes
1116 1970 1216 2042 inter
1229 1969 1413 2062 antiquis·

221 2102 318 2174 sima
352 2103 491 2174 atticae
526 2101 764 2195 eloquentiae
790 2100 1039 2173 monumenta
1068 2101 1157 2170 sunt
1184 2097 1411 2171 referendae.

271 2229 497 2302 Praesertim
531 2232 661 2302 autem
686 2228 962 2324 philologorum
987 2249 1093 2300 curas
1119 2202 1414 2300 stimulaverunt

221 2360 298 2430 tres
331 2358 419 2430 illae
444 2357 689 2452 tetralogiae,
715 2359 759 2428 ut
785 2355 898 2450 vulgo
925 2355 1183 2448 appellantur,
1211 2356 1414 2447 quaternas

222 2485 458 2559 continentes
483 2485 691 2569 orationes,
721 2505 882 2577 quarum
908 2482 1019 2555 binae
1046 2481 1253 2555 accusatori
1278 2457 1444 2574 reoque

221 2613 280 2684 ita
303 2613 546 2702 tribuuntur,
571 2615 617 2684 ut
641 2612 754 2683 huius
777 2610 942 2684 defensio
963 2633 1108 2703 semper
1129 2609 1287 2682 alterius
1308 2631 1416 2682 accu-

221 2739 428 2832 sationem,
453 2720 578 2834 quam
592 2739 762 2829 refellat,
784 2739 1045 2832 subsequatur.
1068 2737 1118 2809 llt
1138 2759 1287 2826 revera,
1309 2737 1341 2809 si
1359 2760 1415 2811 re·

221 2868 398 2941 centioris
420 2868 656 2961 eloquentiae
677 2867 916 2955 documenta,
938 2874 1015 2939 τῶν
1038 2873 1186 2960 τεχνῶν
1207 2865 1416 2961 ῥητορικῶν

222 2994 386 3068 colorem
412 2995 584 3066 fucatum
610 3016 699 3088 prae
723 3017 762 3067 se
788 2993 968 3084 ferentia,
995 2994 1156 3082 crimea,
1181 2993 1282 3065 haud
1307 2992 1416 3067 facile

55 3144 60 3177 ι
141 3197 143 3199 ,
222 3121 336 3192 huius
363 3120 578 3194 orationum
599 3121 831 3193 iudicialium
852 3122 996 3216 generis
1017 3120 1231 3214 exemplum
1252 3120 1415 3193 alterum

220 3248 394 3341 reperies.
430 3247 523 3320 Oum
557 3248 627 3322 hoc
661 3271 729 3322 nos
763 3249 841 3321 iam
872 3249 1112 3343 aliquantum
1138 3249 1253 3320 miros
1279 3249 1417 3322 habere

221 3377 361 3471 possit,
396 3376 518 3450 multo
551 3379 683 3450 tamen
718 3377 871 3450 maioris
901 3377 1085 3451 momenti
1110 3380 1186 3466 est,
1212 3376 1312 3470 quod
1337 3399 1417 3448 ora

69 3509 73 3514 ’
222 3503 415 3577 tiunculae
446 3504 534 3577 illae
569 3504 867 3598 quadripertitae
901 3505 962 3577 hic
991 3505 1069 3578 illie
1093 3504 1241 3599 longius
1268 3528 1291 3576 a
1314 3508 1420 3578 recta

223 3631 385 3705 dictione
411 3631 581 3705 recedere
606 3632 794 3704 videntur.
821 3631 963 3721 Quare,
989 3634 1033 3703 ut
1059 3634 1212 3725 patrum
1238 3630 1315 3703 iam
1342 3654 1419 3705 me-

223 3760 344 3833 moria
369 3782 392 3830 a
417 3759 549 3834 multis
576 3760 726 3853 spuriae
748 3760 986 3832 habebantur
1007 3757 1067 3850 (ef.
1091 3781 1121 3830 e.
1146 3781 1181 3854 g.
1196 3758 1254 3832 Jo.
1268 3759 1420 3832 Jonsius

226 3888 293 3975 ,de
326 3887 569 3982 scriptoribus
603 3887 783 3960 historiae
817 3886 1118 3981 philosophicae”
1154 3909 1236 3980 pag.
1274 3886 1344 3957 325
1380 3889 1419 3960 et

222 4018 355 4088 contra
379 4038 467 4089 eum
494 4014 594 4088 Petr.
622 4037 697 4086 van
722 4013 846 4109 Spaan
867 4014 907 4086 in
928 4015 1192 4088 dissertatione
1214 4037 1283 4086 sua
1301 4014 1418 4088 histo·

75 4208 78 4219 .
223 4144 301 4216 rica
329 4144 395 4231 ,de
420 4143 657 4237 Antiphonte
683 4146 832 4216 oratore
851 4142 992 4217 attioo”
1015 4165 1094 4237 cap.
1115 4141 1191 4231 III,
1211 4142 1354 4215 inserta
1374 4163 1418 4214 ea

224 4269 366 4345 Reiskii
390 4273 605 4358 ,oratorum
625 4270 869 4364 graecorum'
890 4271 962 4344 vol.
987 4267 1080 4359 VII,
1101 4290 1185 4364 pag.
1205 4267 1273 4343 795
1288 4271 1418 4362 seqq),

224 4398 280 4471 ita
305 4400 434 4471 nostro
459 4417 608 4490 quoque
634 4399 805 4491 tempore
829 4397 1054 4492 tetralogiae
1080 4395 1283 4468 admodum
1302 4395 1417 4470 bilem

224 4528 380 4601 movent
414 4523 630 4597 hominibus
661 4523 881 4619 philologis,
916 4528 962 4597 ut
993 4527 1062 4596 aut
1098 4521 1239 4595 oratori
1264 4523 1418 4597 omnino

1257 4649 1272 4700 1
