3424 5320
889 400 935 472 88

317 590 456 662 πείσειν
482 588 573 663 dno
597 592 787 686 πρώτης
812 588 1132 683 καταψεύδεσθαί
1149 617 1224 683 μου
1250 614 1285 684 q.
1312 612 1354 681 s,
1379 592 1510 663 tamen

315 718 438 792 facere
463 742 538 792 non
563 742 779 814 possumuS,
805 721 896 814 quin
919 720 998 812 §55
1022 721 1088 793 τὸν
1110 719 1317 816 ἄνθρωπον
1335 719 1403 791 τὸν
1424 722 1509 815 πρό-

318 873 425 945 τερον
449 849 754 940 βασανισθέντα
777 849 985 944 ingenuum
1004 848 1136 938 illum,
1158 848 1223 940 qui
1245 868 1390 940 semper
1402 868 1510 919 reum

317 977 429 1071 culpa
460 977 681 1050 absolvisset
710 980 907 1071 putemus,
935 979 974 1048 et
999 974 1078 1065 §56
1105 976 1240 1050 verba:
1267 975 1334 1047 τὸν
1355 977 1511 1071 ὕστερον

316 1106 636 1201 βασανιζόμενον
670 1105 875 1178 referamus
910 1104 957 1175 ad
992 1125 1161 1193 servum,
1197 1103 1262 1198 qui
1288 1104 1391 1176 aliud
1418 1104 1510 1177 alias

317 1233 482 1306 dixisset.
510 1234 628 1307 Valde
653 1234 771 1328 igitur
796 1233 947 1328 gavisus
973 1255 1077 1322 sum,
1099 1254 1185 1304 cum
1205 1231 1393 1321 viderem,
1415 1231 1509 1304 Her-

316 1360 554 1451 werdenum,
585 1361 710 1434 virum
746 1360 1017 1450 clarissimum,
1050 1360 1188 1449 isdem,
1214 1359 1351 1452 quibus
1376 1362 1416 1433 et
1440 1383 1510 1455 ego

304 1482 520 1582 gravabar,
555 1488 839 1561 difficultatibus
873 1488 1055 1562 offensum
1090 1487 1151 1581 (cf.
1178 1487 1315 1560 Mnem.
1342 1487 1407 1561 lX.
1439 1488 1508 1566 207

317 1618 430 1709 seq),
465 1618 615 1688 textum
650 1615 707 1686 ita
741 1616 940 1689 restituere
974 1620 1154 1688 conatum
1181 1638 1278 1705 esse,
1305 1619 1350 1688 ut
1374 1617 1507 1691 verba:

318 1745 338 1817 ὁ
363 1747 540 1841 πρότερος
563 1745 831 1835 βασανισθείς
857 1747 897 1816 et
923 1744 1055 1817 deinde
1079 1746 1232 1840 ὕστερος
1259 1745 1364 1817 uncis
1392 1746 1509 1818 seclu-

316 1872 441 1962 deret,
468 1871 686 1966 magistellis
713 1895 758 1944 ea
783 1871 907 1945 deberi
932 1873 1048 1944 ratus.
1073 1871 1128 1944 Ut
1142 1873 1363 1967 autemipse
1377 1872 1509 1946 deinde

316 2000 591 2073 Herwerdenus
646 1999 786 2072 Mnem.
843 1997 907 2071 XI.
962 2021 1046 2094 pag.
1105 1998 1175 2070 214
1221 1999 1361 2072 leviore
1419 2022 1509 2072 usus

318 2128 503 2201 medicina
537 2128 701 2200 alterum
733 2126 844 2215 illud,
879 2125 977 2219 quod
1013 2128 1126 2198 antea
1152 2127 1375 2217 secluserat,
1400 2127 1509 2200 Anti·

316 2255 451 2349 phonti
482 2257 538 2327 ita
570 2254 760 2328 vindicare
793 2254 961 2344 studuit,
995 2257 1039 2326 ut
1066 2256 1086 2327 ὁ
1111 2258 1264 2351 ὕστερος
1289 2259 1507 2350 corruptum

318 2383 457 2455 diceret
491 2405 556 2456 ex:
584 2385 739 2478 ὕστερον
764 2383 804 2471 ὁ,
824 2383 881 2454 ita
903 2383 1074 2476 equidem
1096 2385 1240 2474 nescio,
1262 2407 1312 2455 an
1324 2384 1422 2457 forte
1434 2385 1509 2478 pri-

318 2532 384 2583 ora
408 2510 540 2583 verbe:
569 2513 590 2584 ὁ
615 2513 792 2607 πρότερος
817 2511 1084 2602 βασανισθείς
1109 2511 1314 2606 depravata
1339 2513 1417 2584 sint
1442 2532 1505 2585 ex:

317 2641 387 2737 πρὸ
433 2648 499 2713 τοῦ
531 2642 834 2732 βασανισθῆναι
842 2661 850 2726 ;
887 2661 1001 2732 quam
1038 2638 1290 2711 coniecturam
1333 2639 1364 2710 si
1398 2639 1509 2712 addes

317 2769 559 2843 Herwerdeni
584 2768 857 2842 emendationi:
882 2771 1039 2864 ὕστερον
1061 2768 1102 2858 ὁ,
1125 2766 1219 2838 nihil
1241 2767 1414 2860 amplius,
1433 2789 1509 2860 quo

319 2897 495 2970 hocloco
522 2899 739 2988 offendaris,
766 2897 929 2972 habebis.

367 3026 603 3119 Quamquam
642 3027 731 3121 quid
771 3026 876 3098 dicot
915 3024 1014 3097 Nam
1053 3027 1192 3097 ultima
1230 3023 1330 3117 556:
1370 3023 1406 3098 εἰ
1436 3023 1509 3124 γαρ

316 3157 506 3251 ἡγήσαντο
533 3199 576 3206 -
605 3155 653 3228 τά
679 3152 721 3229 ἐν
746 3164 796 3250 τῷ
822 3153 1135 3252 γραμματειόιῳ,
1160 3154 1306 3225 nullam
1332 3153 1509 3226 adferunt

317 3283 395 3355 sive
429 3305 581 3354 causam
614 3284 692 3357 sive
727 3283 1015 3384 explicationem
1043 3305 1192 3371 eorum,
1218 3303 1315 3374 quae
1340 3280 1508 3374 proxime

316 3410 562 3503 praecedunt,
589 3412 684 3484 scil:
714 3410 838 3500 ἐπειδὴ
865 3408 906 3485 δὲ
933 3410 1160 3507 ἀνεγνώσθη
1186 3453 1230 3464 -
1259 3410 1307 3481 τα
1332 3409 1506 3508 ἀναγνο-

319 3542 475 3610 σθέντα.
502 3539 621 3623 Quam
644 3562 725 3612 rem
751 3541 783 3612 si
809 3540 922 3634 paulo
948 3540 1165 3634 diligentius
1189 3538 1507 3633 perpenderimus,

316 3665 468 3756 statim,
502 3688 577 3759 quo
611 3667 739 3740 ordine
773 3668 922 3764 singula
951 3668 1037 3741 ‘cola
1071 3691 1110 3741 se
1136 3669 1303 3762 excipere
1327 3666 1507 3757 debcant,

317 3793 556 3887 reperiemus.
598 3794 699 3866 Dicit
743 3795 844 3868 enim
877 3798 1022 3868 orator:
1059 3817 1144 3868 cum
1179 3817 1306 3868 servus
1339 3793 1507 3866 nondum

316 3923 441 3993 tortus
475 3923 573 3994 esset
606 3943 675 3994 nec
708 3923 913 4017 quidquam
948 3923 987 3994 in
1021 3946 1081 3996 me
1116 3923 1207 3995 mali
1240 3919 1421 4012 ediceret,
1446 3921 1508 3993 ad·

315 4049 470 4122 versarii
504 4049 599 4138 mei,
632 4052 830 4144 putantes,
862 4073 910 4123 ne
943 4051 1101 4123 summis
1134 4050 1286 4144 quidem
1318 4049 1507 4136 doloribus

315 4176 506 4249 hominem
534 4177 738 4251 adductum
763 4178 810 4250 iri
836 4182 881 4250 ut
906 4202 967 4252 me
992 4180 1208 4266 accusaret,
1234 4177 1436 4271 epistulam
1462 4177 1505 4247 il·

316 4304 393 4375 lam
427 4304 594 4377 dolosam
629 4310 939 4399 composuerunt,
973 4310 1018 4378 ut
1050 4305 1181 4398 utique
1207 4305 1349 4399 aliquid
1374 4307 1506 4379 contra

318 4451 379 4501 me
413 4430 570 4524 proferri
603 4434 748 4524 posset,
774 4433 1093 4527 compositamque
1118 4432 1351 4506 demiserunt
1373 4432 1414 4504 in
1439 4455 1506 4503 na-
