3424 5320
765 475 811 549 99

192 667 328 756 enim,”
363 665 489 759 inquit
518 666 746 759 ,corrumpit
771 665 808 736 id
833 665 980 764 ipsum,
1005 689 1080 759 quo
1104 666 1217 739 homo
1243 665 1379 739 delibe-

192 795 273 882 rat,
308 796 475 866 mentem
511 790 640 886 puta.”
666 792 748 864 Hac
771 790 844 864 loci
871 793 1138 886 explicatione,
1165 793 1226 865 cui
1251 815 1380 866 omnes

191 920 354 992 libenter
387 920 663 1008 assentientur,
688 918 798 1008 freti,
822 919 1015 992 videamus
1040 921 1138 1010 iam,
1164 943 1212 990 an
1239 920 1380 993 oratori
1460 912 1468 936 “

191 1046 306 1118 utiles
332 1068 411 1118 esse
436 1046 632 1140 possimus.

239 1172 457 1245 Rectissime
498 1172 651 1266 quidem
691 1171 887 1245 contendit
923 1172 1117 1262 Reislrius,
1155 1173 1259 1246 verbi
1293 1169 1377 1245 δια-

191 1302 338 1396 φθείρει
361 1300 518 1373 subiecti
540 1322 696 1372 munere
714 1300 822 1394 fungi
838 1302 991 1372 tantum
1004 1323 1112 1394 posse
1124 1323 1252 1374 vocem
1269 1301 1380 1398 ὀργή,

191 1427 254 1500 sed
287 1450 373 1500 cum
408 1427 445 1499 id
477 1427 603 1521 ipsum
637 1425 830 1498 subaudiri
854 1426 980 1510 iubet,
1007 1427 1168 1498 nimium
1194 1430 1287 1521 puto
1312 1427 1378 1499 fla-

188 1553 310 1648 gitare
334 1554 459 1626 virum
484 1552 754 1639 clarissimum;
780 1573 847 1626 neo
868 1550 1141 1626 Herwerdenus
1163 1554 1233 1625 sibi
1256 1554 1381 1648 placet

189 1681 305 1754 tacite
331 1681 536 1774 supplendo
562 1703 643 1754 voc.
671 1680 781 1777 ὀργή,
803 1679 921 1774 quod,
945 1681 1119 1772 quamvis
1140 1680 1379 1770 dubitanter,

189 1809 229 1880 in
261 1808 506 1881 adnotatione
540 1830 608 1880 sua
639 1809 768 1881 critica
792 1809 976 1880 insertum
1002 1806 1151 1879 mavult
1176 1810 1267 1879 ante
1293 1805 1380 1879 δια-

191 1939 350 2031 φθείρει.
378 1933 482 2007 Num
509 1933 711 2007 difficultas
737 1935 894 2006 fortasse
916 1924 972 2004 ita
993 1935 1219 2006 removenda
1238 1936 1313 2019 est,
1335 1937 1380 2004 ut

188 2064 229 2135 in
261 2062 500 2136 antecedenti
533 2060 702 2132 membro
727 2083 795 2154 pro
821 2061 1068 2157 ὀργιζόμενος
1094 2060 1262 2153 legamus
1289 2061 1378 2158 ὀργῇ

189 2189 414 2287 χρώμενοςλ

238 2320 300 2390 Ira
323 2319 440 2412 igitur
466 2316 673 2409 corrumpit
698 2316 737 2387 id
761 2315 909 2409 ipsum,
932 2305 961 2387 ὧ
984 2315 1204 2406 βουλεύεται
1218 2357 1263 2368 -
1277 2317 1377 2409 quis-

189 2445 302 2517 naml
333 2445 408 2517 scil.
435 2444 456 2516 ὃ
481 2444 704 2538 ἄνθρωαος;
732 2442 796 2516 sed
820 2445 902 2515 tum
930 2442 1153 2535 quantocius
1178 2442 1377 2515 delendum

187 2574 277 2646 erit:
312 2579 379 2646 τού
411 2572 627 2667 ἀνθρώπου.
663 2570 797 2664 Itaque
831 2570 951 2642 altera
984 2569 1199 2663 quaerenda
1233 2572 1290 2642 est
1315 2591 1377 2642 ex-

187 2700 350 2794 plicandi
382 2700 500 2789 ratio,
536 2702 576 2771 et
610 2720 711 2787 ecce,
745 2698 886 2770 iterum
920 2695 1027 2768 nobis
1062 2694 1271 2766 auxiliatur
1296 2695 1379 2767 Sto·

187 2827 319 2914 bueus,
354 2827 420 2919 qui
455 2829 494 2898 et
526 2826 619 2898 haec
653 2825 768 2897 verba
792 2823 951 2894 laudans
975 2822 1031 2893 ita
1057 2845 1081 2893 a
1107 2821 1277 2894 codicum
1301 2821 1375 2893 lec·

186 2954 289 3026 tione
314 2952 498 3040 deflectit,
524 2955 569 3023 ut
594 2973 662 3044 pro
689 2942 717 3023 ὦ
744 2951 968 3045 βουλεύεται
992 2949 1138 3021 tradat:
1161 2951 1182 3021 ὃ
1204 2948 1374 3040 βουλεύε-

185 3108 262 3151 ται.
297 3077 336 3151 Si
364 3079 462 3150 hanc
486 3078 705 3167 lectionem,
732 3099 847 3171 quam
875 3076 995 3148 critici
1022 3076 1270 3170 sagacissimi,
1296 3075 1376 3148 Ste-

183 3208 350 3303 phanum
384 3205 752 3299 Herwerdenumque
784 3203 887 3293 dioc,
912 3203 1197 3291 commendant,
1223 3202 1375 3296 recipie·

183 3357 286 3424 mus,
311 3335 438 3407 omnia
464 3356 503 3406 se
527 3337 627 3407 recte
647 3333 840 3405 habebunt
863 3335 903 3404 et
924 3331 1019 3402 nihil
1041 3331 1201 3425 amplius
1224 3352 1244 3401 e
1264 3334 1374 3403 textu

182 3462 366 3535 removeri
399 3461 597 3555 oportebit.
633 3459 770 3534 Totum
805 3460 930 3532 locum
964 3457 1137 3551 equidem
1169 3457 1239 3531 hoc
1265 3458 1376 3530 modo

182 3588 463 3661 constituerim:
494 3588 538 3658 ού
570 3587 644 3682 γοὶρ
670 3588 777 3661 ἔστιν
801 3588 822 3660 ὅ
848 3617 885 3660 τι
908 3583 1007 3683 ὀργῇ
1030 3589 1251 3682 χρώμενος
1277 3586 1374 3668 (ύν>

182 3715 386 3810 ἄνθρωπος
411 3705 451 3786 εὖ
468 3713 593 3809 Ιγνοίη·
617 3715 710 3787 αὐτὸ
732 3714 806 3812 γάρ
827 3715 848 3786 ὃ
867 3714 1106 3808 βουλεύεται,
1129 3716 1197 3801 τὴν
1217 3716 1376 3809 γνώμην

182 3841 404 3939 διαφθείρει
431 3851 499 3914 τοῦ
525 3839 743 3934 ἀνθρώπου.

233 3971 325 4063 574.
352 3971 481 4043 καίτοι
506 3968 626 4064 πολλῷ
651 3996 692 4065 γε
720 3968 894 4061 (codicest
919 3969 1046 4039 καίτοι
1068 3991 1109 4063 γε
1133 3965 1265 4061 πολλῷ)
1278 3966 1373 4058 μᾶλ-

182 4099 246 4171 λον
271 4097 373 4181 εἰκὸς
399 4093 445 4186 ἦν
472 4097 618 4170 ἐκεῖνον
644 4094 734 4191 ὑπὲρ
761 4097 856 4190 ἐμοῦ
881 4094 1201 4190 ἀπολογήσασθαι
1227 4101 1370 4186 πατέρα

181 4227 287 4299 ὄντα.
315 4225 416 4313 Scio,
442 4226 489 4296 ab
514 4225 640 4296 atticis
663 4224 908 4318 scriptoribus
930 4221 1134 4295 consociari
1158 4244 1235 4294 non
1256 4222 1373 4294 solere

177 4353 382 4448 particulas
417 4379 478 4424 τοι
505 4355 544 4424 et
570 4379 634 4448 γε,
660 4351 833 4444 quamvis
858 4351 990 4445 Lysias
1016 4347 1153 4420 XXXI.
1182 4349 1239 4438 §2
1265 4370 1369 4442 prae-¹

180 4481 284 4553 beat:
324 4481 370 4554 ov‘
405 4485 539 4575 μέντοι
574 4506 615 4576 γε
651 4476 759 4555 ἰδίαν
793 4477 948 4575 ε”χθραν
984 4473 1172 4569 οὐδεμίαν
1205 4501 1369 4568 μεταπο-
