3366 5324
708 515 754 597 27

123 708 209 780 iam
219 708 333 782 verbo
347 707 471 804 attigi,
487 707 761 782 sententiarum
775 730 927 784 conexu.
939 709 1174 806 Quamquam
1184 711 1327 804 dicunt,

126 858 211 910 sese
238 858 259 908 e
283 836 508 909 verosimili
530 837 767 925 convincere,
787 859 848 910 me
869 837 998 912 sceleri
1021 838 1224 912 obnoxium
1237 862 1328 931 esse,

127 965 264 1035 tamen
289 985 365 1036 non
391 962 589 1057 perhibent
615 985 702 1037 vero
728 964 871 1054 simile,
899 964 963 1038 sed
988 969 1135 1039 certum
1157 989 1254 1056 csse,
1267 989 1329 1041 me

128 1092 279 1164 facinus
305 1092 543 1165 commisisse.
567 1090 699 1186 Neque
721 1091 834 1164 aliter
852 1115 912 1165 me
926 1095 1084 1187 possunt
1096 1093 1328 1185 convincere,

129 1242 224 1292 nam
248 1219 330 1314 ipsa
355 1219 599 1313 probabilitas
624 1241 685 1292 me
711 1242 787 1293 non
809 1221 1056 1311 condemnat,
1077 1220 1141 1294 sed
1154 1220 1327 1294 absolvit.

131 1348 254 1433 Quam
288 1349 383 1423 bene
407 1349 447 1420 in
473 1348 587 1438 hanc,
613 1371 729 1444 quam
754 1349 848 1421 mihi
873 1349 1035 1443 reperire
1059 1348 1188 1423 videor
1214 1372 1327 1444 oppo-

130 1476 309 1549 sitionem
343 1475 529 1569 quadrent
562 1497 682 1570 seqq:
710 1477 731 1549 ὅ
756 1505 795 1549 τε
820 1475 893 1574 γοὶρ
918 1486 1227 1573 καταμαρτυρῶν
1252 1505 1327 1571 μου

133 1604 298 1689 ἄπιστος
320 1604 539 1701 ἔλήλεγκται
553 1606 606 1677 ὤν
619 1626 654 1697 q.
669 1626 697 1675 s.
711 1626 789 1677 non
803 1607 882 1694 est,
896 1603 996 1699 quod
1009 1604 1179 1698 pluribus
1193 1604 1326 1678 dicam.

132 1732 257 1806 Facile
282 1733 370 1806 hinc
391 1732 648 1827 intellegitur,
666 1731 761 1803 nihil
775 1731 879 1803 aliud
892 1731 1121 1825 exspectari,
1134 1732 1207 1805 nisi
1221 1755 1228 1804 :
1243 1755 1329 1828 pro·

132 1861 311 1934 habilitas
337 1860 439 1955 ipsa,
464 1861 489 1932 i.
516 1882 547 1933 e.
573 1859 622 1932 τα
647 1856 816 1933 ὃέῐκότα
843 1859 979 1934 αὐτά.

181 1987 336 2059 Ibidem.-
375 1989 397 2063 ὅ
435 2015 473 2062 τε
505 1989 580 2085 γαρ
612 1996 919 2085 καταμαρτυρῶν
952 2015 1029 2084 μου
1055 1987 1221 2071 ἄπιστος
1246 1986 1328 2076 ἐλή-

133 2117 289 2213 Ἅογκται
326 2115 442 2206 aad
482 2143 520 2188 τε
552 2115 713 2213 ἔλεγχος
746 2117 817 2191 οὐκ
851 2117 952 2190 ἔστι·
988 2116 1037 2188 τά
1070 2144 1109 2189 τε
1146 2122 1329 2211 τεκμήρια

135 2246 230 2338 ἐμά,
266 2245 313 2316 ου’
345 2244 486 2318 τούτων
516 2244 611 2318 ὄντα
637 2243 824 2334 ἐδήλωσα·
851 2245 900 2316 τά
926 2273 965 2318 τε
991 2248 1087 2338 ἴχνη
1112 2251 1179 2316 τοῦ
1205 2246 1327 2335 φόνου

133 2375 201 2446 ουκ
227 2372 285 2456 εἰς
310 2371 378 2465 ἐμὲ
407 2376 573 2468 φέροντα
600 2372 680 2445 ἀλλ’
705 2375 761 2457 εἰς
793 2373 884 2457 τους
897 2372 1182 2466 ἀπολυομένους
1195 2369 1329 2445 ἀποδέ-

133 2499 283 2577 δεικται
301 2501 506 2578 ὑπἀῠτῶν.
535 2499 737 2574 Schoellius
762 2504 802 2575 et
822 2501 1068 2575 Iernstedtius
1092 2504 1193 2573 recte
1206 2503 1329 2572 trans·

133 2631 340 2724 posuerunt·
362 2629 562 2704 vocabula:
585 2629 645 2706 ὑπ’
669 2631 798 2703 αὐτῶν
815 2631 906 2702 ante
927 2629 1085 2704 verbum
1108 2625 1353 2701 sinodalem--

133 2786 219 2848 ται,
253 2756 355 2852 quod
388 2779 412 2827 a
437 2758 627 2831 sententia
654 2758 804 2852 quidem
831 2758 1023 2852 pertinent
1048 2756 1095 2828 ad
1121 2755 1328 2849 απολυομέ·

133 2912 245 2976 νοος,
271 2885 447 2980 coniungi
472 2889 602 2960 autem
629 2909 704 2960 non
730 2889 888 2980 possunt
910 2886 982 2957 nisi
1004 2907 1089 2958 cum
1104 2881 1328 2958 ἀποδέδεικ-

134 3041 208 3087 ται.
280 3011 319 3085 Si
369 3015 499 3086 autem
549 3013 795 3108 transpositio
845 3013 1006 3086 devitari
1054 3034 1131 3085 non
1181 3015 1327 3107 potest,

135 3142 309 3238 equidem
342 3139 400 3212 his
434 3140 557 3213 verbis
587 3141 713 3235 potius
738 3141 863 3215 locum
890 3140 1088 3213 tribuerim
1114 3140 1216 3213 inter
1239 3143 1329 3225 τούς

135 3275 174 3345 et
210 3269 509 3363 ἀπολυομένους.
550 3266 620 3342 Sed
657 3273 787 3342 tamen
824 3271 919 3364 puto
957 3268 1079 3342 multo
1116 3272 1327 3362 praestare,

134 3400 256 3494 ipsum
282 3418 360 3472 voc.
387 3394 679 3488 aporiabantur,
704 3400 838 3491 utpote
864 3398 912 3470 ab
937 3396 1207 3490 interpolatore
1236 3418 1328 3490 quo-

136 3527 220 3599 dam
254 3548 301 3599 ex
334 3525 643 3599 antecedentibus
684 3525 888 3614 insertum,
920 3547 941 3597 e
975 3525 1085 3596 textu
1117 3546 1329 3614 removere,

136 3677 206 3748 quo
232 3654 353 3743 facte,
380 3653 487 3725 nulla
512 3654 590 3724 iam
616 3653 777 3747 amplius
803 3674 896 3746 opus
921 3652 994 3726 erit
1023 3651 1326 3745 transpositione.
