3366 5324
893 535 940 611 38

321 728 638 824 commodi,quod
651 751 824 823 ea,quae
838 730 966 800 textus
988 750 1119 801 revera
1131 726 1321 816 continet,
1335 720 1514 821 praebet,

321 878 442 950 neque
463 857 603 951 poscit,
625 866 670 929 ut
690 857 736 930 de
756 859 885 929 nostro
907 854 1088 927 addamus
1106 853 1259 949 aliquid.
1284 852 1512 947 Priusquam
1579 889 1581 892 ·

321 985 450 1056 autem
475 982 656 1074 indicem,
681 1006 757 1077 qua
781 983 929 1056 ratione
953 983 1031 1078 ipse
1056 982 1180 1055 locum
1205 980 1377 1074 intellegi
1401 1003 1509 1074 opor·

321 1114 401 1184 tere
428 1134 617 1201 censeam,
643 1133 763 1207 pauca
788 1133 1030 1206 praemonere
1055 1109 1180 1183 velim.

371 1239 464 1312 Cum
498 1240 618 1312 totius
652 1238 914 1333 antiquitatis,
944 1240 1030 1310 tum
1054 1235 1252 1332 praecipue
1278 1235 1509 1308 Graecorum

320 1369 403 1439 erat
428 1366 573 1461 opinio,
598 1367 747 1460 legibus
768 1366 1008 1459 moribusque
1034 1363 1256 1437 confirmata
1276 1365 1316 1434 et
1338 1362 1512 1456 religiose

322 1517 468 1589 semper
504 1496 722 1584 observata,
761 1496 807 1566 ut
844 1493 914 1566 sibi
947 1493 1132 1587 fingerent
1164 1493 1233 1564 τὸν
1272 1495 1394 1582 φονέα
1427 1491 1512 1585 ipsa

320 1622 449 1710 caede,
475 1646 591 1715 quam
616 1625 821 1716 patrasset,
846 1621 988 1694 violare
1022 1619 1266 1693 sanctitatem
1291 1618 1512 1708 numinum,

222 1833 225 1839 Ι
320 1771 417 1842 quae
454 1752 596 1821 terram
634 1751 805 1838 tuentur,
839 1748 882 1821 cf.
918 1753 964 1819 Γ.
1001 1777 1040 1826 α.
1077 1752 1098 1840 ᾖ
1133 1750 1171 1819 2;
1209 1748 1317 1831 ὅστις
1342 1737 1411 1821 οὖν
1435 1755 1513 1820 τῶν

320 1877 392 1949 ὑπὸ
417 1885 480 1952 του
508 1882 599 1950 θεοῦ
625 1875 869 1962 ἀξιωθέντων
895 1886 961 1950 τοῦ
987 1876 1081 1970 βίου
1108 1880 1216 1970 ἡμῶν
1243 1874 1514 1968 diapasmate

322 2007 553 2089 οίαοντείνει,
602 2004 783 2098 ἀσεβεῖ
820 2003 912 2100 μὲν
950 2007 1051 2101 περί
1089 2005 1201 2088 τοὺς
1242 2007 1384 2089 θεούς
1409 2027 1443 2097 q.
1484 2027 1513 2077 S.

321 2134 467 2207 Horum
493 2134 589 2205 iram
615 2135 787 2224 excitari,
814 2136 873 2223 et,
898 2133 929 2205 si
957 2133 1177 2206 interfector
1202 2133 1286 2206 loca
1311 2132 1363 2205 eis
1389 2153 1514 2205 conse·

321 2264 426 2335 crata
456 2261 626 2334 adeundo
657 2261 854 2355 polluerit,
880 2261 937 2333 ita
962 2282 1180 2356 augescere,
1206 2264 1252 2333 ut
1275 2260 1514 2354 gravissimas

321 2412 345 2460 a
378 2389 497 2461 totius
529 2391 652 2460 terrae
686 2388 838 2477 incolis,
872 2389 938 2482 qui
971 2389 1049 2460 tale
1083 2389 1295 2460 monstrum
1322 2387 1449 2480 quiete
1473 2386 1515 2457 in

322 2515 479 2588 civitate
515 2515 641 2589 vivere
678 2516 887 2609 patiantur,
920 2538 1058 2610 poenas
1096 2516 1270 2610 exigant,
1308 2513 1515 2588 ostendunt

324 2645 367 2714 A.
403 2671 440 2726 α,
475 2646 496 2734 ξ
525 2642 588 2714 10:
615 2642 843 2742 ἀσύμφορόν
869 2644 1007 2736 θ’ὑμῐν
1035 2645 1116 2717 ε’στί
1141 2640 1250 2717 τόνδε
1276 2643 1422 2738 μιαρὸν
1447 2641 1516 2713 καί

322 2770 497 2866 ἄναγνον
531 2771 625 2844 ὄντα
659 2776 714 2857 είς
748 2779 834 2850 (cs)
870 2772 918 2844 τοὶ
952 2777 1086 2866 τεμένη
1111 2778 1190 2844 τῶν
1217 2777 1317 2843 θεῶν
1342 2769 1514 2854 εἰςιόντα

320 2904 495 2992 μιαίνειν
515 2903 582 2988 τὴν
603 2901 766 3000 ἁγνείαν
786 2902 924 2988 αὐτῶν,
951 2903 1018 2974 ε’τιί
1033 2929 1071 2974 τε
1091 2899 1160 2984 τοὶς
1178 2899 1300 2984 αὐτας
1321 2900 1516 2996 τραπέζας

323 3027 435 3102 ἰόντα
457 3030 849 3127 συγκαταπιμολάναι
872 3036 961 3114 τους
983 3028 1201 3111 ιίναιιίους·
1228 3027 1358 3125 ἐκγαρ
1371 3028 1516 3100 τούτων

323 3159 370 3229 αί
399 3155 598 3255 τὀίφορίαι
632 3162 836 3256 γίγνονται
870 3155 1074 3252 δυστυχεῖς
1108 3157 1196 3229 θάί
1228 3157 1382 3254 πράξεις
1412 3162 1516 3229 καθ-

322 3289 517 3374 ίστανται,
543 3289 582 3360 et
607 3288 647 3378 β.
676 3290 696 3377 ἓ
722 3286 782 3358 ll:
806 3297 847 3360 οἱ
865 3284 905 3360 δὲ
929 3285 1133 3371 διώκοντες
1152 3282 1227 3378 μὲν
1242 3284 1308 3380 ἐμὲ
1322 3285 1389 3358 τὸν
1403 3283 1515 3358 αναί-

322 3441 407 3487 τιον
434 3417 502 3487 τὸν
528 3412 706 3488 δἀἰτιον
732 3415 912 3506 ἀφιέντες
940 3424 1003 3504 τῆς
1031 3443 1071 3487 τε
1094 3413 1264 3510 ἀφορίας
1286 3418 1408 3489 αἰτιοι
1431 3419 1515 3513 γίγ-

322 3571 479 3628 νονται,
513 3545 601 3615 cett.
635 3531 734 3614 Hinc
767 3542 972 3616 identidem
1007 3565 1132 3637 preces
1158 3544 1205 3615 ad
1231 3543 1371 3617 iudices
1396 3543 1516 3632 fiunt,

322 3674 367 3745 ut
405 3670 686 3744 condemnando
722 3668 833 3743 noxio
871 3672 908 3742 et
942 3673 1100 3743 nocente
1133 3670 1329 3745 civitatem
1355 3670 1517 3743 liberent

321 3797 489 3894 piaculo,
514 3819 588 3891 quo
614 3797 892 3870 commaculata
916 3796 985 3885 sit,
1011 3796 1055 3868 cf.
1081 3801 1118 3868 Α
1160 3826 1196 3870 α.
1224 3801 1244 3888 ἓ
1273 3798 1335 3869 ll:
1364 3797 1516 3872 οἰκείαν

321 3917 389 4000 οὖν
422 3927 497 4022 χρὴ
527 3928 595 4014 τὴν
627 3927 819 4023 τιμωρίαν
852 3928 1139 4021 ἡγησαμένους,
1176 3925 1277 4020 αὐτῷ
1314 3928 1432 4022 τούτῳ
1466 3928 1516 3998 aa*

322 4057 453 4129 τούτου
474 4054 704 4146 ἀσεβήματα
725 4052 973 4140 ἀναθέντας,
996 4051 1103 4126 ἰδίαν
1123 4052 1198 4142 μὲν
1215 4057 1284 4141 τὴν
1298 4053 1515 4149 συμφοράν,

321 4183 505 4279 καθαράν
531 4179 574 4256 δὲ
600 4185 671 4271 τὴν
695 4182 806 4256 πόλιν
832 4194 1087 4272 καταστῆσαι,
1114 4183 1154 4253 et
1180 4183 1227 4253 B.
1255 4208 1291 4252 α.
1320 4182 1516 4275 §capas

322 4308 364 4383 δὲ
399 4311 496 4398 ἀξιῶ
526 4354 569 4362 -
594 4315 796 4410 εἴργοντας
831 4299 886 4384 ὧν
912 4312 932 4384 ὁ
960 4313 1082 4403 νόμος
1107 4313 1224 4407 είργει·
1248 4311 1315 4383 τὸν
1340 4307 1515 4383 ἀποκτεί-

322 4464 448 4512 ναντα
474 4443 525 4531 μὴ
551 4445 727 4538 περιορᾶν
753 4439 913 4513 ἅπασαν
933 4442 1001 4528 τὴν
1023 4437 1133 4510 πόλιν
1155 4439 1228 4511 υπὸ
1250 4441 1380 4512 τούτου
1403 4464 1514 4530 μιαι-

322 4572 491 4659 νομένην
516 4572 555 4642 et
581 4569 671 4641 alibi
696 4569 846 4663 passim.
885 4567 940 4640 Ut
964 4567 1083 4662 igitur
1107 4566 1398 4661 uniuscuiusque
1420 4565 1514 4638 civis
