3366 5324
894 440 939 514 36

322 631 499 706 concedo:
534 654 610 705 non
635 630 764 705 volens
789 652 876 703 eum
901 631 982 719 icit,
1008 632 1181 703 attamen
1201 633 1242 704 et
1260 631 1323 702 icit
1342 634 1383 704 et
1406 632 1514 702 inter-

322 759 420 848 fecit.
459 759 570 848 Ecee,
607 758 798 854 praeclara
834 757 1042 848 sententia,
1080 757 1138 830 cui
1177 757 1268 851 quid
1304 757 1401 830 desit
1435 779 1513 831 non

323 908 509 981 assequor.

364 1014 440 1106 §a
467 1015 628 1107 φάσκων
663 1011 705 1087 δὲ
741 1013 1011 1110 ἀναμάρτητος
1043 1010 1164 1102 εἶναι,
1195 1015 1264 1086 καὶ
1289 1013 1413 1099 decer
1437 1013 1512 1098 τάς

315 1143 515 1240 συμφοράς
540 1151 617 1216 τῶν
642 1141 897 1239 ἁμαρτόντων
921 1139 1023 1215 εἶναι
1049 1143 1119 1214 καὶ
1143 1144 1197 1232 μὴ
1223 1142 1280 1226 εἰς
1301 1143 1388 1226 τοὺς
1411 1141 1507 1214 άνα-

313 1279 529 1370 μαρτὴτοος
556 1275 828 1369 ἐκτρέπεσθαι,
855 1269 949 1368 ὑπὲρ
973 1275 1079 1364 ἡμῶν
1105 1272 1214 1368 λέγει.
1242 1271 1330 1345 Non
1353 1295 1420 1367 pro
1444 1295 1514 1344 sua

315 1401 451 1496 ipsius,
478 1402 543 1476 sed
576 1403 702 1496 petius
734 1423 801 1496 pro
835 1403 965 1474 nostra
988 1421 1102 1472 causa
1128 1400 1243 1473 verba
1267 1399 1376 1489 facit,
1405 1423 1514 1496 argu·

316 1531 508 1618 mentans,
544 1551 623 1602 sese
651 1529 731 1601 sine
765 1528 876 1623 culpa
907 1550 987 1600 esse
1013 1531 1052 1599 et
1078 1526 1293 1622 postulans,
1320 1530 1366 1599 ut
1390 1527 1513 1601 clades

315 1678 444 1729 eorum
470 1657 540 1747 sit,
568 1657 634 1751 qui
658 1656 914 1752 peccaverint,
941 1678 988 1728 ne
1011 1658 1140 1728 autem
1162 1656 1207 1728 iis
1221 1655 1432 1745 tribuatur,
1446 1655 1514 1749 qui

316 1783 410 1855 nihil
444 1785 710 1858 commiserint.
745 1785 846 1857 Haec
873 1783 1007 1871 verba,
1033 1803 1120 1855 eum
1145 1783 1222 1854 iam
1251 1803 1318 1877 per
1343 1804 1382 1855 se
1408 1804 1511 1876 spec·

317 1914 403 1984 tata
435 1936 511 1987 non
543 1913 648 1987 omni
680 1913 834 1985 careant
866 1910 1087 2000 offensione,
1122 1895 1302 1984 etiamid
1327 1909 1513 2004 praebent

318 2041 488 2132 molesti,
510 2041 610 2135 quod
631 2041 671 2112 in
692 2040 932 2135 sequentibus
954 2062 1030 2112 non
1052 2061 1096 2111 ea
1113 2039 1241 2111 omnia
1253 2038 1511 2132 explicantur,

266 2208 268 2213 ·
317 2169 417 2262 quod
447 2171 577 2242 tamen
611 2172 764 2263 propter
788 2166 1015 2261 particulam
1041 2168 1114 2264 γάρ
1141 2170 1417 2261 exspectamus
1447 2166 1512 2240 sed

316 2299 469 2368 tantum
495 2269 658 2368 alterum
679 2295 791 2367 illud:
818 2296 886 2367 καὶ
912 2273 1035 2380 iesse
1057 2297 1146 2369 cett.
1166 2295 1251 2367 Huc
1272 2294 1389 2368 etiam
1408 2315 1511 2367 acce·

317 2423 392 2512 dit,
417 2423 517 2517 quod
537 2445 671 2518 parum
698 2423 952 2517 intellegitur,
973 2423 1160 2517 quomodo
1180 2445 1266 2495 reus
1288 2445 1355 2516 pro
1377 2420 1510 2495 adver-

316 2551 412 2624 sario
445 2552 559 2625 verba
592 2551 713 2623 facere
739 2550 905 2635 dicatur,
933 2572 1019 2623 eum
1047 2574 1086 2624 se
1112 2550 1206 2623 nihil
1229 2572 1399 2645 peccasse
1425 2573 1509 2644 per-

316 2677 454 2752 hibeat.
491 2677 746 2768 Sententiam,
779 2700 895 2771 quam
930 2679 998 2750 sub
1032 2679 1175 2751 tradita
1200 2678 1361 2752 lectione
1385 2678 1510 2752 latere

316 2809 597 2900 exspectamus,
630 2805 727 2878 scii:
764 2807 803 2878 εἰ
828 2803 870 2878 δὲ
897 2807 1058 2897 φάσκων
1083 2807 1355 2905 άναμάρτητος
1382 2805 1508 2897 εἶναι,

316 2931 425 3019 ἀξιοῖ
445 2935 546 3022 cett,
572 2932 651 3005 sine
668 2935 821 3028 negotiu
842 2935 1101 3008 nanciscemur
1123 2935 1249 3009 deleta
1271 2939 1362 3008 ante
1385 2935 1511 3022 ἀξιῶν

315 3064 410 3157 part.
452 3066 536 3152 καί,
569 3062 625 3134 ita
659 3064 704 3134 ut
738 3061 862 3157 ipsum
897 3063 967 3137 hoc
999 3063 1244 3158 Participium
1280 3064 1402 3150 α’ξιῶν
1427 3065 1510 3140 viee

315 3191 497 3286 fungatur
532 3191 611 3264 eius
645 3190 787 3284 periodi
822 3191 964 3285 partis,
1002 3192 1062 3264 cui
1097 3193 1337 3286 grammatici
1370 3215 1509 3266 nomen

316 3319 475 3412 protasis
501 3316 728 3391 indiderunt.

366 3451 387 3539 ξ
413 3447 467 3519 ll.
495 3448 536 3519 ἐκ
562 3443 603 3518 δὲ
628 3460 695 3535 τῆς
717 3447 844 3519 αὐτῶν
868 3452 947 3519 τῶν
967 3445 1286 3544 άττολογοομένων
1299 3448 1510 3541 ἀπολογίας

314 3579 486 3670 μετόχοο
507 3585 574 3650 τοῦ
593 3581 795 3672 μειρακίον
817 3584 885 3650 τοῦ
907 3580 1030 3667 φόνον
1052 3578 1182 3666 ὄντος,
1200 3581 1269 3654 οὐκ
1281 3579 1333 3653 ἂν
1345 3577 1510 3664 δικαίως

314 3703 404 3782 οὐδὲ
444 3707 559 3790 ὁσίως
597 3707 794 3780 ductione
827 3707 958 3780 αὐτόν.
995 3710 1079 3782 οὔτε
1112 3710 1188 3807 γάρ
1220 3715 1346 3802 ἡμεῖς,
1377 3719 1420 3782 οἱ
1442 3707 1510 3783 διά

315 3839 385 3926 τὴν
415 3837 561 3910 τούτων
588 3835 787 3928 ἁμαρτίαν
811 3842 1152 3933 καταγνωσθέντες
1177 3839 1269 3912 ὅσια
1295 3835 1506 3913 ἀλλ’άνόσί

315 3967 366 4040 ἂν
395 3967 586 4058 πάθοιμεν
610 3963 797 4057 ὑφ’ὐμῶν·
824 3964 909 4040 οὔθ’
937 3975 979 4039 οἱ
1003 3970 1303 4052 θανατώσαντες
1327 3971 1430 4058 ἡμᾶς
1454 3971 1509 4059 μὴ

315 4096 529 4194 εἰργόμενοι
558 4104 634 4168 τῶν
664 4095 710 4168 ον’
730 4097 1006 4192 ’προςηκόντων
1028 4093 1238 4186 encastum?
1265 4097 1316 4168 ἂν
1336 4099 1410 4171 ὑπὸ
1431 4107 1510 4171 τῶν

315 4224 587 4300 αοολοσάντων
608 4223 698 4307 τοὺς
719 4222 913 4309 ἀνοσίους.
938 4223 1119 4297 Venimus
1141 4223 1188 4294 ad
1211 4223 1333 4297 locum
1347 4281 1356 4315 ,
1370 4247 1509 4322 magna

314 4353 551 4426 laborantem
577 4350 820 4441 difficultate,
846 4375 962 4446 quam
987 4350 1097 4425 valde
1121 4351 1258 4441 miror,
1284 4353 1331 4424 ab
1356 4353 1420 4442 iis,
1442 4355 1508 4448 qui

313 4480 559 4574 Antiphontis
605 4479 792 4554 orationes
838 4478 1090 4554 emendandas
1129 4481 1391 4573 susceperunt,
1430 4501 1509 4553 non
