3366 5324
722 546 731 557 ss
745 449 790 526 41

155 641 262 712 bene
297 638 472 733 equidem
508 639 643 729 sciam,
681 641 911 716 correctricis
945 663 1080 714 manus
1113 642 1361 737 scripturam,

158 767 390 862 praesertim
416 767 448 839 si
473 767 531 857 id,
557 768 656 861 quod
677 768 799 863 prima
820 792 955 842 manus
976 770 1147 859 exhibet,
1161 769 1361 845 manifesto

160 899 391 989 corruptum
439 887 509 985 sit,
550 917 817 988 saepenumero
855 897 950 969 nihil
987 897 1061 970 nisi
1101 919 1246 971 meram
1281 919 1362 970 esse

161 1023 444 1112 coniecturam,
476 1022 585 1096 nulla
616 1023 798 1096 librorum
834 1023 935 1097 MSS.
965 1025 1194 1098 auctoritate
1219 1025 1362 1113 nisam,

160 1153 301 1224 tamen
325 1150 361 1222 h.
383 1150 408 1223 l.
435 1150 547 1222 nimis
574 1151 747 1224 celeriter
771 1150 949 1224 abiecisse
974 1155 1106 1246 putem
1131 1153 1361 1226 recentiores

161 1277 331 1351 editores
366 1277 566 1352 lectionem
601 1278 848 1373 aptissimam.
883 1277 1004 1368 Nam,
1037 1281 1068 1352 si
1102 1279 1137 1351 Α
1154 1284 1264 1354 corr.²
1289 1279 1361 1352 lec-

160 1405 313 1478 tionem
347 1405 558 1499 sequimur,
593 1428 700 1478 reum
733 1405 804 1478 tali
837 1406 1019 1479 orationis
1053 1407 1163 1481 initio
1189 1409 1362 1481 utentem

162 1531 346 1624 facimus,
372 1537 417 1606 ut
436 1534 570 1624 verba,
593 1556 690 1629 quae
710 1533 873 1627 profert,
895 1533 934 1606 in
955 1534 1030 1608 duo
1054 1536 1225 1608 membre
1238 1535 1363 1607 distri-

163 1660 357 1750 buantur,
383 1683 481 1755 quae
506 1683 529 1732 a
554 1661 749 1756 particulis
774 1666 849 1754 μέν
871 1664 910 1734 et
932 1659 980 1735 δι’
997 1663 1219 1752 ordiuntur,
1240 1684 1364 1757 aquo·

163 1809 255 1858 rum
287 1787 410 1860 altero
442 1788 516 1862 duo
551 1788 674 1862 denuo
710 1789 923 1883 dependent
955 1790 1057 1880 cola,
1092 1812 1137 1863 ea
1168 1811 1365 1884 quoquea

163 1921 242 2006 μέν
268 1919 309 1990 et
335 1913 384 1990 δι’
406 1917 633 1991 incohantia.
658 1917 739 1990 Hoc
760 1917 871 1991 modo
893 1917 1010 1990 talem
1032 1917 1267 2011 assequimur
1284 1939 1364 1990 ver-

164 2046 304 2118 borum
338 2067 542 2135 conexum,
576 2044 698 2139 qualis
728 2067 793 2139 per
818 2067 856 2118 se
881 2046 1070 2139 spectatus
1096 2044 1304 2117 rectissime
1325 2065 1365 2116 se

166 2172 305 2262 habet,
345 2172 571 2267 qualemque
608 2173 740 2246 statim
779 2173 936 2267 probare
974 2171 1100 2244 nullus
1134 2171 1366 2262 dubitarem,

167 2301 243 2374 nisi
276 2300 337 2390 id,
371 2299 470 2394 quod
496 2300 542 2374 de
569 2300 723 2373 rlcorr.¹
749 2300 846 2389 dixi,
871 2302 917 2372 ut
941 2303 1053 2372 caute
1079 2321 1256 2394 agamus,
1281 2321 1364 2370 sua·

168 2429 287 2502 deret.
329 2426 395 2500 Sin
433 2449 520 2499 cum
558 2427 702 2500 Blassio
740 2429 780 2499 et
809 2426 1061 2516 Jernstedtio,
1096 2449 1193 2521 quae
1224 2425 1296 2499 NA
1308 2449 1365 2521 pr.

169 2556 370 2643 exhibent,
395 2575 610 2648 sequemur,
637 2554 784 2643 omnia,
810 2576 906 2648 quae
928 2553 1038 2626 modo
1062 2554 1366 2628 enumeravimus

170 2681 371 2758 commoda
408 2684 640 2754 evanescent.
679 2680 775 2753 Tum
810 2681 912 2755 enim
945 2681 1110 2753 alterum
1146 2680 1367 2769 verborum,

170 2811 308 2907 quibus
345 2808 555 2882 orationem
594 2830 701 2880 suam
740 2807 873 2901 incipit
907 2829 1014 2898 reus,
1051 2808 1263 2880 membrum
1297 2806 1367 2880 hoc

172 2940 266 3013 erit:
291 2939 395 3029 ὑμᾶς
421 2933 462 3008 δὲ
489 2942 565 3032 χρή
591 2979 639 2987 -
664 2938 767 3028 ὑμᾶς
793 2932 835 3008 δὲ
863 2935 979 3020 ὁσίως
1005 2936 1100 3033 ὁρᾶν
1126 2940 1300 3032 προςήκει
1319 2933 1368 3007 τὰ

171 3070 405 3165 πραχθέντα
417 3086 425 3152 ;
460 3065 725 3138 molestissima
755 3064 873 3158 igitur
898 3064 1079 3137 efficietur
1103 3063 1301 3158 repetitio,
1327 3063 1368 3134 in

172 3218 249 3289 qua
275 3195 407 3268 verba:
434 3196 539 3286 ὑμᾶς
565 3190 614 3265 δι’
635 3194 675 3264 et
700 3198 874 3288 προςήκει
896 3191 1007 3286 plane
1028 3191 1232 3264 abundent.
1258 3189 1368 3286 Erga,

174 3323 206 3394 si
238 3321 321 3416 quis
355 3322 557 3396 lectionem
592 3319 662 3392 NA
676 3343 731 3414 pr.
767 3319 919 3392 omnino
953 3317 1175 3391 servandam
1206 3317 1369 3407 iudicat,

176 3453 310 3522 auctor
346 3451 381 3523 ei
417 3468 523 3538 surn,
564 3451 629 3536 ut,
664 3446 791 3520 deleta
824 3449 910 3543 post
941 3447 1004 3520 ὅτι
1034 3449 1145 3538 ἡμεῖς
1182 3444 1370 3540 particula

175 3580 267 3668 μέν,
293 3598 360 3670 pro
387 3576 528 3650 verbis:
555 3573 659 3664 ὑμᾶς
680 3571 716 3647 δ’
731 3573 848 3660 ὁσίως
869 3575 965 3670 ὁρᾶν
986 3578 1163 3671 προςήκει
1184 3571 1232 3645 τοὶ
1244 3600 1319 3670 προ
1321 3601 1369 3667 χ-

180 3710 298 3779 θέντα
325 3704 521 3779 restituat:
550 3704 664 3788 ὁσίως
690 3704 786 3800 ὁρᾶν
813 3706 931 3801 (πρὸς
956 3706 1048 3788 οὓς)
1077 3709 1250 3794 προςήκει
1262 3733 1294 3776 ν.
1309 3730 1367 3794 πρ.

179 3832 281 3918 Quod
318 3832 366 3904 ad
403 3832 536 3906 verba:
576 3831 674 3926 πρὸς
707 3834 775 3916 οὓς
809 3839 1001 3927 προςήκει,
1037 3829 1206 3904 conteras
1232 3852 1370 3925 quaeso

181 3961 359 4035 Herodoti
378 3960 488 4051 VIII,
511 3963 531 4050 ἓ
549 3961 634 4034 10οι
658 3957 771 4034 οὐδὲν
792 3961 883 4056 πρὸς
899 3963 1054 4056 Πέρσας
1069 3937 1178 4034 τοῦτο
1194 3963 1367 4057 προςήκει

179 4091 220 4161 τὸ
253 4090 393 4173 πάθος.
420 4088 544 4160 -At
578 4089 701 4178 vides,
735 4111 848 4183 quam
881 4089 1049 4162 violenta
1074 4088 1152 4161 sint
1176 4087 1304 4161 omnia
1330 4087 1370 4158 in

179 4217 263 4308 hoc,
278 4221 325 4291 ut
337 4216 409 4290 NA
421 4239 476 4311 pr.
492 4215 681 4310 scriptura
694 4238 761 4310 pro
775 4215 1023 4290 fundamento
1037 4217 1204 4305 utamur,
1219 4215 1370 4304 conatu,

179 4348 216 4419 et
251 4345 430 4435 molesta,
464 4366 580 4438 quam
604 4347 736 4418 contra
760 4344 801 4415 in
826 4344 894 4417 illa
918 4343 1079 4418 lectione
1104 4342 1217 4437 plana
1242 4342 1371 4415 omnia

178 4479 216 4550 et
239 4474 427 4572 expedita.
454 4473 550 4560 Quin
576 4472 694 4570 igitur
715 4472 983 4547 subscribimus
1004 4470 1077 4560 eis,
1097 4471 1240 4564 quaed
1255 4472 1366 4546 corr.²
