3424 5320
913 477 958 548 66

353 667 528 740 sitionem
562 689 712 755 eorum,
747 688 842 759 quae
868 663 1031 748 δικαίως
1055 687 1225 759 quaeque
1250 661 1397 748 ἀδίκως
1423 685 1538 758 agun-

351 797 434 884 tur,
468 795 531 868 sed
565 817 703 868 novam
736 793 838 865 inter
870 814 909 864 se
943 791 1108 864 efficiunt
1134 791 1408 886 oppositionem
1420 844 1429 879 ,
1452 792 1538 860 tum

351 925 435 995 tota
458 924 525 994 illa
550 923 655 997 notio
680 932 747 995 τοῦ
772 893 917 1004 ἀδίκως
941 920 1124 993 ἀπολέσαι
1148 921 1371 994 obscuratur
1393 920 1432 991 et
1454 940 1539 990 eva·

345 1049 476 1122 nescit.
507 1049 607 1122 Nam
641 1072 763 1141 neque
796 1051 865 1122 τὸν
891 1051 1115 1122 πιστεύοντα
1140 1057 1192 1144 τῷ
1219 1047 1418 1144 πράγματι
1442 1068 1537 1119 sem·

345 1201 410 1271 per
442 1201 521 1252 esse
554 1181 623 1252 τὸν
656 1176 839 1268 δικαίως,
864 1202 984 1273 neque
1010 1182 1078 1252 τὸν
1108 1179 1347 1252 ἀπιστοῦντα
1373 1189 1456 1259 τοῖς
1482 1173 1539 1247 δι-

240 1329 246 1342 ·
345 1320 510 1390 κασταῖς
543 1331 690 1402 semper
722 1309 791 1380 τὸν
824 1305 968 1392 ἀδίκως
1002 1310 1199 1402 agentem,
1229 1329 1305 1379 non
1332 1308 1411 1388 est,
1438 1303 1537 1397 quod

344 1435 513 1529 pluribus
534 1436 799 1509 demonstrem.
821 1437 883 1507 lta
899 1437 1039 1507 iniuria
1052 1436 1216 1507 Blassius
1229 1433 1324 1505 milri
1337 1432 1537 1504 adnotasse

344 1563 513 1647 videtur,
542 1564 657 1636 verba
683 1564 735 1646 ὡς
760 1566 942 1636 πιστεύων
967 1573 1019 1657 τῲ
1045 1563 1246 1660 πράγματι
1273 1559 1445 1654 opposita
1459 1579 1537 1630 esse

344 1690 585 1782 sequentibus
618 1692 670 1774 ὡς
701 1690 920 1780 ἀπιστήσων
953 1689 1081 1764 τοῖσδε
1114 1703 1198 1773 τοῖς
1224 1689 1454 1771 δικασταῖς,
1489 1685 1536 1757 ad

345 1815 443 1909 quod
478 1818 660 1907 alterum,
691 1819 791 1913 quod
824 1821 940 1892 etiam
974 1843 1041 1912 per
1072 1841 1110 1892 se
1135 1819 1346 1912 spectatum
1382 1812 1536 1885 difficul-

345 1945 438 2016 tatis
470 1946 624 2038 plenum
659 1951 735 2038 est,
770 1948 1030 2036 retinendum,
1056 1947 1133 2018 iam
1158 1969 1249 2040 opus
1276 1947 1359 2018 erat
1385 1942 1537 2014 mutata

345 2070 515 2143 ecdicum
547 2075 724 2148 lectione:
762 2087 845 2160 τοῖς
878 2080 961 2151 τότε
996 2073 1207 2158 δικασταῖς
1232 2076 1272 2146 in
1298 2069 1427 2147 τοῖσδε
1452 2081 1535 2153 τοῖς

346 2195 566 2283 δικασταῖς.
601 2202 654 2273 At
689 2227 736 2276 ne
768 2205 821 2277 sic
853 2205 1005 2298 quidem
1029 2203 1118 2277 ferri
1144 2225 1251 2298 posse
1275 2201 1427 2274 Videtur
1452 2197 1536 2270 ἀπι-

348 2335 514 2417 στήσαν,
553 2331 653 2423 quod
691 2332 822 2425 utique
858 2354 944 2404 cum
979 2332 1110 2404 Pahlio
1137 2328 1362 2402 mutandum
1388 2329 1471 2399 erat
1497 2327 1537 2396 in

346 2454 541 2546 ἀπιστῶν,
576 2479 650 2550 quo
686 2460 836 2530 mutato
870 2459 987 2530 etiam
1014 2458 1260 2555 requirimus,
1283 2460 1352 2528 aut
1373 2457 1424 2538 ὡς
1450 2453 1535 2526 ἀπι-

345 2592 447 2657 στῶν
459 2593 509 2680 τῷ
523 2586 723 2682 πράγματι
736 2590 805 2658 aut
818 2589 869 2670 ὡς
881 2589 1064 2660 πιστεύων
1077 2584 1204 2660 τοῖσδε
1217 2599 1301 2670 τοῖς
1310 2584 1533 2669 δικασταῖς.

346 2712 557 2808 Intellegis,
586 2717 728 2807 quanto
754 2715 881 2788 labore
907 2737 999 2808 opus
1025 2718 1075 2787 sit
1100 2715 1147 2785 ad
1175 2714 1400 2788 servandum
1426 2736 1534 2787 voca-

345 2841 497 2930 bulum,
544 2843 643 2936 quod
689 2844 829 2915 servari
866 2843 983 2934 nolit,
1022 2847 1067 2915 ut
1103 2843 1309 2916 rectissime
1347 2841 1534 2935 perspexit

346 2969 550 3063 Sauppius,
572 2992 657 3042 cum
671 2969 800 3043 infelix
813 2971 907 3043 illud
922 2973 1079 3045 verbum
1093 2971 1196 3044 abire
1208 2970 1320 3042 iussit
1332 2969 1422 3050 illuc
1436 2969 1534 3041 unde

329 3096 550 3168 ‚infaustum
583 3099 715 3190 pedem
740 3099 964 3172 sustulisset.
991 3099 1173 3191 Equidem
1199 3099 1252 3170 sic
1278 3118 1426 3170 censeo:
1455 3118 1534 3167 ma-

344 3224 535 3316 gistellum
549 3226 748 3318 quendam,
762 3227 967 3299 adductum
979 3227 1166 3321 particula
1179 3225 1418 3298 adversativa
1426 3223 1535 3311 ἀλλά,

344 3350 546 3424 addidisse:
581 3354 634 3435 ὡς
660 3353 900 3443 ἀπιστήσων,
926 3378 974 3427 ne
998 3358 1152 3427 careant
1179 3353 1433 3447 oppositione,
1458 3375 1534 3445 qua

343 3500 435 3570 opus
470 3501 547 3552 esse
581 3482 761 3574 putabat,
797 3483 1060 3555 antecedentia
1084 3484 1169 3558 illa:
1198 3484 1456 3566 centoculum
1482 3489 1533 3574 τῷ

345 3607 560 3704 πράγματι,
586 3632 683 3702 quae
708 3611 801 3682 mihi
825 3611 907 3684 ideo
934 3611 981 3681 ab
1004 3614 1152 3684 oratore
1176 3611 1322 3684 adiecta
1344 3609 1534 3697 videntur,

348 3739 393 3808 ut
413 3758 480 3830 per
501 3759 545 3809 ea
558 3737 657 3832 ipsa,
672 3739 778 3832 quasi
791 3739 829 3810 iu
843 3739 1057 3832 parenthesi
1071 3739 1263 3826 collocata,
1274 3737 1534 3809 adversarium

345 3865 476 3936 acerbe
497 3869 536 3937 et
558 3866 653 3938 salse
666 3865 792 3938 laedat
806 3868 919 3959 atque
932 3868 1087 3959 pungat.
1102 3865 1173 3938 Sed
1186 3864 1276 3958 quid
1288 3863 1466 3935 nunciam
1479 3862 1533 3935 fa-

337 3991 485 4064 ciemus
497 3993 748 4086 sequentibus,
762 4015 858 4086 quae
872 3993 1075 4066 eliminatis
1088 3992 1227 4066 verbis:
1243 3993 1295 4076 ὡς
1305 3990 1533 4080 ἀπιστήσων,

344 4119 476 4209 nimis,
499 4143 614 4214 quam
640 4123 684 4191 ut
710 4121 859 4215 integra
883 4120 1046 4214 relinqui
1071 4123 1226 4215 possint,
1254 4123 1407 4192 curtata
1419 4120 1531 4193 suntl
1565 4167 1569 4174 ·
1633 4115 1636 4121 ’

346 4245 548 4342 Sauppius,
585 4271 671 4320 cum
703 4249 903 4342 legendum
930 4248 1084 4322 conicit:
1113 4247 1207 4320 ἀλλά
1233 4247 1533 4340 ἀμφισβήτησιν

345 4377 414 4447 καὶ
435 4377 551 4473 λόγον
571 4378 744 4450 caesae
762 4377 813 4461 ὡς
827 4375 901 4449 κάν
915 4387 981 4449 τοῖ
978 4405 1000 4460 ς
1012 4380 1095 4450 τότε
1109 4374 1318 4461 δικασταῖς
1331 4375 1532 4472 ἀμφισβη-
1641 4467 1646 4480 ¹

299 4591 302 4597 ι
342 4508 483 4594 τήσων,
510 4505 618 4580 valde
643 4527 791 4593 vereor,
817 4527 883 4590 ne,
910 4506 1034 4578 locum
1060 4529 1176 4600 quam
1201 4506 1393 4580 lenissima
1406 4506 1530 4576 muta-
