3424 5320
884 444 932 518 62

319 639 397 712 sint
432 638 516 710 illa:
554 642 575 726 ἡ
614 637 758 710 τούτων
795 632 982 726 βιαιότης
1019 633 1089 705 καὶ
1123 634 1367 729 παρανομία,
1392 656 1510 729 quae,

319 789 413 838 num
437 765 593 839 tolerari
617 763 780 859 possint,
808 765 853 834 ut
878 762 1140 848 deccmamus‚
1161 763 1276 856 paulo
1298 764 1510 837 accuratius

318 894 434 968 verba
465 891 694 987 inspicienda
725 892 826 962 sunt.
858 889 944 962 Huc
968 887 1086 984 igitur
1111 889 1232 964 redire
1255 890 1426 976 videmus
1451 913 1510 963 ar·

318 1020 663 1118 gumentationem:
681 1017 855 1113 equidem
867 1017 972 1092 vobis
984 1039 1105 1089 unum
1117 1016 1217 1091 male
1229 1040 1359 1092 eorum
1374 1020 1510 1115 agendi

319 1148 477 1222 rationis
510 1169 683 1242 promam
717 1145 949 1239 exemplum,
985 1145 1030 1217 ut
1052 1136 1230 1218 universa
1254 1167 1385 1218 eorum
1411 1147 1511 1220 malo

221 1327 223 1334 -
319 1275 454 1372 agendi
477 1275 575 1348 ratio
596 1273 702 1348 vobis
724 1272 951 1346 documento
964 1271 1015 1345 sit
1027 1274 1259 1362 ceterarum,
1272 1295 1366 1367 quas
1379 1276 1511 1347 contra

320 1427 381 1477 mc
415 1405 572 1498 egerunt
605 1422 743 1473 rerum.
771 1396 826 1471 Ut
851 1403 981 1472 autem
1007 1399 1100 1472 haec
1125 1401 1405 1494 argumentatio
1430 1401 1512 1474 sola

319 1556 366 1608 ex
401 1531 544 1606 tradita
580 1528 751 1603 codicum
789 1527 950 1602 lectione
987 1526 1080 1601 effici
1113 1531 1259 1622 potest,
1293 1529 1351 1602 ita
1375 1529 1511 1602 falsam

320 1645 405 1734 eam
429 1680 508 1733 csse
532 1679 644 1730 nemo
668 1679 745 1730 non
767 1655 881 1730 videt.
897 1654 1046 1750 Utique
1059 1677 1146 1750 ergo
1160 1657 1387 1731 removenda
1399 1661 1512 1732 erunt

319 1788 458 1861 ultima
492 1785 577 1857 illa:
604 1788 626 1873 ἡ
666 1787 809 1860 τούτων
842 1784 1031 1878 βιαιότης
1064 1785 1132 1856 καὶ
1164 1784 1402 1882 παρανομία.
1441 1785 1512 1858 His

320 1920 451 1989 autem
489 1912 642 2004 deletis,
680 1914 782 1986 reote
818 1933 858 1985 se
895 1911 1011 1984 habet
1049 1911 1274 1985 vocabulum
1310 1917 1511 2010 τεκμήρια,

320 2043 421 2138 quod
457 2040 628 2115 Reiskius
661 2040 837 2113 mutabat
869 2039 909 2112 in
935 2044 1149 2135 τεκμήριον.
1184 2038 1236 2111 At
1259 2062 1318 2114 res
1343 2041 1511 2115 nondum

321 2170 498 2244 absoluta
526 2169 604 2257 est,
634 2191 724 2240 nam
758 2166 849 2262 quid
882 2166 953 2239 sibi
978 2165 1100 2240 velint
1124 2168 1257 2240 verba:
1284 2176 1362 2243 τῶν
1388 2169 1511 2244 ἄλλων

321 2299 577 2397 πραγμάτων,
603 2296 783 2390 cuiusque
808 2295 951 2390 generis
977 2271 1184 2393 πράγματα
1210 2297 1447 2389 indicentur,
1473 2299 1512 2371 id

321 2429 539 2503 etiamnunc
558 2423 758 2496 obscurum
781 2425 920 2496 manet.
942 2421 1116 2497 Ceterum
1134 2425 1512 2501 animadvertendum

322 2558 400 2644 est,
425 2551 566 2626 codices
590 2549 786 2645 praebere:
808 2553 876 2624 καὶ
896 2557 973 2624 τῶν
993 2550 1050 2635 εἰς
1071 2552 1142 2645 ἐμέ
1150 2606 1159 2642 ,
1181 2575 1277 2647 quae
1297 2553 1512 2630 Mastanero

322 2705 435 2758 causa
466 2683 565 2770 erat,
602 2702 669 2752 cur
695 2678 872 2754 excidisse
897 2682 1051 2774 putaret
1077 2680 1236 2775 aliquid,
1263 2685 1326 2755 ut:
1351 2690 1429 2757 τῶν
1455 2683 1512 2768 εἰς

321 2812 410 2897 τοὺς
445 2808 583 2893 ἄλλους
617 2806 786 2891 πολίτας.
826 2805 898 2881 Sed
931 2808 977 2879 ut
1010 2807 1191 2898 aliorum,
1225 2830 1321 2901 quae
1354 2810 1395 2882 in
1420 2811 1513 2884 alios

321 2942 420 3016 cives
455 2936 706 3026 commiserit,
745 2935 1054 3009 commemoratio
1088 2936 1137 3009 ab
1170 2935 1240 3010 hoo
1273 2937 1355 3011 loco
1389 2937 1514 3012 aliena

321 3073 398 3159 est,
416 3067 472 3139 ita
491 3065 532 3138 in
553 3063 795 3158 sequentibus
817 3062 911 3135 nihil
931 3066 1007 3153 est,
1029 3063 1129 3157 quod
1150 3063 1353 3138 Maetzneri
1371 3065 1514 3140 coniec-

319 3202 449 3272 turam
479 3190 712 3288 probabilem
736 3189 881 3264 reddat.
916 3190 1050 3264 Melius
1076 3190 1169 3262 milri
1195 3191 1253 3265 vir
1278 3192 1513 3268 doctissimus

320 3347 399 3401 voc.
427 3319 663 3418 πραγμάτων
689 3317 990 3391 circumscribere
1016 3317 1166 3392 videtur
1189 3341 1272 3414 per:
1295 3342 1391 3414 quae
1413 3343 1513 3395 com·

321 3455 508 3528 miserunt
533 3448 592 3523 vel
617 3446 877 3540 deliquerunt,
903 3468 1154 3541 quamquam,
1181 3470 1274 3520 num
1299 3449 1387 3522 talis
1407 3451 1513 3525 notio

322 3579 503 3657 vocabulo
523 3575 757 3672 πραγμάτων
777 3574 858 3647 iure
879 3573 1039 3646 attribui
1060 3574 1200 3668 possit,
1221 3599 1337 3670 quam
1350 3578 1513 3653 maxime

322 3708 464 3783 dubito.
501 3704 580 3800 Elgo
601 3703 728 3798 potius
749 3701 820 3776 hoo
842 3702 952 3776 modo
976 3702 1151 3776 lacunam
1173 3704 1352 3799 explerim
1372 3708 1511 3779 totam·

321 3858 395 3932 que
425 3834 481 3906 ita
507 3831 771 3906 constituerim
795 3830 1044 3920 sententiam,
1070 3837 1116 3903 ut
1141 3830 1284 3925 legam:
1312 3832 1463 3908 αλλ’ἵνα
1489 3829 1511 3928 ᾖ

321 3969 507 4057 τεκμήρια
552 3958 648 4050 ὑμῖν
695 3963 764 4032 καὶ
810 3966 888 4033 τῶν
932 3958 1055 4031 ἄλλων
1100 3963 1402 4055 παρανόμων
1443 3964 1513 4036 καὶ

323 4094 523 4189 (βιαίων)
552 4095 627 4161 τῶν
651 4087 707 4172 εἰς
732 4091 810 4182 ἐμέ.
846 4089 926 4174 Qua
951 4088 1166 4163 coniectura
1192 4110 1341 4179 omnes,
1366 4092 1411 4163 ut
1436 4093 1514 4186 opi-

322 4245 409 4310 nor,
435 4215 680 4293 removentur
704 4214 964 4303 difficultates;
991 4237 1082 4286 nam
1108 4219 1316 4290 cumreote
1338 4217 1513 4293 sehabet

322 4347 528 4424 sententia:
558 4366 699 4431 „unum
724 4345 830 4418 vobis
851 4366 897 4418 ex
922 4366 1052 4418 eorum
1077 4341 1117 4413 in
1142 4365 1204 4416 me
1230 4343 1338 4418 factis
1359 4345 1511 4420 demon·

194 4549 198 4555 .
321 4477 469 4567 strabo,
506 4495 581 4568 quo
617 4474 743 4546 cetera
778 4471 919 4546 discere
955 4467 1142 4565 possitis'',
1182 4471 1288 4565 tum,
1322 4474 1511 4568 quomodo
