3424 5320
748 472 814 547 107

188 665 276 752 tur,
322 661 452 734 addita
498 664 598 734 sunt.
646 661 880 755 Quapropter
924 660 1136 751 Bekkerus,
1173 664 1379 756 praeeunte

189 788 302 874 mdo,
336 789 498 862 inseruit
523 789 695 863 voculam
721 783 763 884 ᾗ,
789 810 950 881 eumque
974 789 1115 882 posteri
1140 788 1301 862 editores
1325 813 1378 864 se-

188 917 266 990 outi
299 919 400 989 sunt.
426 915 496 990 Sed
521 918 651 988 tamen
675 914 786 989 valde
811 936 963 1000 vereor,
987 916 1033 985 ut
1057 914 1127 986 hoo
1151 916 1378 988 vocabulum

187 1042 228 1114 in
253 1042 416 1136 pedestri
441 1043 609 1116 oratione
631 1042 799 1114 adhiberi
820 1041 945 1114 lioeat.
967 1040 1228 1114 Restituumus
1250 1043 1378 1138 igitur,

187 1169 288 1263 quod
311 1169 418 1243 unioe
445 1172 578 1264 aptum
603 1169 772 1257 videtur,
800 1169 878 1241 soil.
905 1158 960 1242 οὗ.

236 1293 329 1388 ξ24.
355 1338 403 1347 -—
427 1287 466 1370 εύ
502 1294 643 1381 εἰδότες
681 1298 742 1369 ὅτι
780 1298 850 1369 οῦκ
887 1297 938 1370 ἂν
977 1300 1127 1383 τούτοις
1164 1297 1250 1372 κατ’
1285 1300 1378 1392 ἐμοῦ

188 1423 347 1520 ἔλεγχος
389 1423 555 1522 ἐγίγνετο
596 1412 724 1508 οὗτος,
768 1423 847 1496 ἀλλ’
883 1427 967 1514 ἐμοὶ
1003 1427 1104 1498 κατά
1136 1430 1281 1500 τούτων
1318 1429 1378 1501 ὅτι

188 1548 300 1624 οῦδὲν
335 1548 492 1623 δίκαιον
526 1549 605 1624 οὐδ’
640 1551 779 1639 ἀληθὲς
808 1556 971 1647 ᾐτιῶντο
1004 1554 1029 1626 i.
1045 1577 1076 1627 e.
1101 1555 1195 1628 bene
1220 1555 1378 1628 seientes

188 1679 260 1750 sibi
284 1682 550 1772 argumentum
575 1679 667 1751 heoo
691 1678 770 1752 foro
796 1682 927 1752 contre
952 1703 1013 1753 me
1033 1703 1068 1774 q.
1085 1705 1111 1754 s.
1134 1680 1228 1753 Cum
1250 1683 1379 1753 eutem

187 1807 301 1879 verba
347 1806 473 1880 ἐλθεῖν
510 1807 570 1880 ἐπὶ
603 1815 711 1880 τοῦτο
744 1808 788 1880 τὸ
821 1805 1000 1899 δίκαιον,
1034 1831 1108 1901 quo
1142 1807 1376 1880 referendum

187 1921 313 2023 οὗτος,
356 1956 431 2007 non
473 1934 555 2028 ipse
595 1933 667 2007 diei
700 1935 844 2027 possint
877 1935 1145 2008 documentum
1180 1956 1277 2023 esse,
1316 1934 1378 2007 sed

186 2061 453 2134 tantummodo
479 2061 641 2151 efficere,
668 2065 713 2134 ut
738 2062 1007 2136 documentum
1035 2063 1194 2151 existat,
1219 2065 1376 2155 apparet

185 2210 392 2283 pronomen
431 2176 541 2272 οὗτος
582 2210 660 2260 non
689 2191 791 2262 reete
826 2212 864 2262 se
898 2190 1034 2263 habere
1068 2189 1380 2283 seribendumque

186 2316 313 2410 potius
338 2337 437 2389 esse:
465 2317 594 2401 οὕτως.

238 2441 329 2535 §28-
367 2443 578 2536 ἐπίσταμαι
612 2440 654 2515 δὲ
689 2443 756 2516 καὶ
789 2441 879 2516 τάδε
914 2432 943 2515 ὦ
979 2442 1134 2541 ἄνδρες,
1160 2446 1221 2519 ὅτι
1245 2445 1285 2520 εἰ
1303 2443 1378 2538 μὲν

186 2572 336 2654 τούτοις
371 2573 463 2665 ἐμοῦ
497 2574 805 2668 κατεμαρτύρουν
830 2581 872 2644 οἱ
893 2572 1079 2668 μάρτυρες
1103 2581 1145 2646 οἱ
1167 2577 1377 2670 παραγενό-

184 2725 315 2792 μενοι,
360 2701 493 2784 αὐτοῖς
523 2699 575 2773 ἂν
608 2702 760 2784 τούτοις
796 2700 1069 2796 ι’σχυροτάτοις
1104 2701 1276 2795 ἐχρῶντο
1310 2703 1379 2773 καὶ

188 2827 319 2899 πίστιν
353 2830 494 2914 ταύτην
527 2827 768 2918 σαφεστάτην
794 2827 1014 2917 ἀπέφαινον
1026 2881 1037 2916 ,
1063 2826 1151 2908 τούς
1176 2826 1378 2923 μάρτυρας

187 2955 273 3038 τούς
307 2963 719 3052 καταμαρτυροῦντας·
747 2961 823 3027 τῶν
849 2956 974 3028 αὐτῶν
1000 2952 1042 3027 δὲ
1069 2956 1211 3028 τούτων
1235 2982 1377 3049 μαρτυ-

187 3083 371 3178 ρούντων,
392 3081 419 3154 ἃ
438 3080 511 3176 μὲν
532 3082 605 3181 ἐγὼ
627 3083 740 3180 λέγω,
762 3081 885 3173 ἀληθῆ
906 3080 1009 3156 εἶναι
1022 3135 1032 3171 ,
1046 3081 1072 3153 ἃ
1085 3079 1125 3154 δὲ
1137 3072 1240 3155 οὗτοι
1252 3082 1376 3177 λύγου·

187 3239 271 3303 σιν,
297 3214 367 3287 ούκ
393 3213 533 3303 ἀληθῆ,
560 3223 644 3297 τοῖς
668 3212 744 3308 μὲν
768 3215 936 3309 μάρτυσι
962 3222 1045 3296 τοῖς
1071 3214 1209 3304 (ἐμοὶ)
1233 3241 1376 3310 μαρτυ·

186 3351 320 3438 ροὺσιν
358 3342 538 3417 άπιστεῖν
568 3343 672 3434 ὑμᾶς
709 3339 956 3426 διδάσκουσι,
983 3351 1068 3426 τοῖς
1095 3339 1137 3414 δὲ
1161 3341 1293 3438 λόγοις
1318 3338 1378 3425 οἷς

187 3471 297 3543 αύτοὶ
330 3472 480 3566 λέγουσι
514 3474 699 3545 πιστεύειν
732 3473 837 3563 ὑμᾶς
870 3496 968 3561 φασι
1002 3481 1169 3565 χρῆναι,
1201 3473 1268 3554 οὓς
1304 3468 1377 3566 ἐγὼ

186 3599 224 3671 εἰ
246 3598 374 3693 ἔλεγον
398 3597 487 3670 ἄνευ
513 3605 733 3695 μαρτύρων,
760 3596 912 3690 ψευδεῖς
932 3599 983 3672 ἂν
1004 3602 1241 3696 κατηγόρουν
1261 3595 1375 3671 εἶναι.

187 3724 407 3799 Rectissime
447 3724 598 3798 videtur
635 3726 930 3814 Herwerdenus‚
968 3728 1172 3818 praeeunte
1206 3725 1377 3814 Roiski0,

187 3875 273 3926 oum
309 3851 352 3923 V.
387 3851 488 3942 584,
523 3854 608 3923 tum
637 3853 674 3924 h.
699 3852 724 3924 l.
750 3855 836 3946 post
863 3853 1034 3948 ἐχρῶντο
1059 3851 1244 3925 addidisse
1269 3873 1377 3924 voee-

187 3979 318 4050 bulum
366 3977 598 4074 τεκμηριόις,
646 3978 746 4072 quod
791 3982 836 4050 ut
880 3979 1099 4073 suppleatur
1136 3977 1379 4050 vehementer
1433 4049 1438 4062 ,

187 4106 304 4179 etiam
340 4107 502 4179 suadent
538 4127 659 4198 seqq.:
695 4107 764 4178 καὶ
798 4104 929 4179 πίστιν
961 4108 1103 4193 ταύτην
1138 4103 1379 4196 σαφεστάτην

186 4232 416 4323 αιτέφαινον.
451 4234 536 4328 Ipso
570 4236 700 4306 autem
731 4233 798 4306 illo
832 4233 1013 4307 orationis
1045 4233 1200 4327 quintae
1225 4232 1305 4305 looo
1331 4231 1378 4303 si-

187 4360 347 4433 millimo
371 4381 653 4453 permovemur,
679 4363 724 4432 ut
750 4360 955 4433 abiciamus
980 4358 1207 4432 vocabulum
1230 4360 1378 4443 τούτοις

185 4487 226 4560 in
251 4487 390 4562 verbis:
420 4488 480 4560 ὅτι
506 4487 545 4560 εἰ
563 4487 637 4581 μὲν
662 4491 812 4572 τούτοις
835 4489 927 4581 ἐμοῦ
952 4489 1276 4584 κατεμαρτύρουν,
1292 4509 1376 4561 oum
