3366 5324
353 731 462 823 Tuis,
495 731 764 823 familiaribus,
799 732 989 827 discipulis
1025 755 1124 806 mors
1157 736 1227 806 tua
1260 737 1342 807 erat
1374 735 1529 829 lugubris

352 864 392 934 et
424 862 615 950 luctuosa,
649 861 723 934 toti
752 861 1027 955 philologorum
1053 861 1180 956 generi
1206 864 1265 934 est
1290 861 1529 956 irreparabilis

351 989 507 1062 iactura.
532 987 631 1062 Nam
653 991 841 1083 quantum
862 988 977 1062 variis
996 991 1035 1062 et
1055 989 1209 1061 diversis
1230 988 1373 1062 latinae
1393 989 1530 1084 linguae

352 1117 604 1190 monumentis
648 1115 847 1210 singulari,
890 1139 965 1209 qua
1007 1117 1172 1210 pollebas
1217 1117 1374 1190 scientia
1410 1120 1450 1190 et
1485 1117 1530 1189 la-

350 1243 439 1317 bore
472 1242 675 1338 profueris,
708 1244 836 1316 notius
867 1249 924 1317 cst
958 1246 997 1317 et
1023 1245 1222 1334 testatius
1249 1268 1362 1338 quam
1390 1248 1434 1317 ut
1459 1246 1530 1340 plu-

349 1371 451 1443 ribus
486 1373 774 1445 demonstretur.
807 1372 859 1444 At
885 1372 924 1443 in
952 1373 1156 1445 maximam
1181 1376 1290 1446 tuam
1316 1377 1356 1447 et
1375 1373 1530 1448 fructuo-

349 1499 534 1572 sissimam
582 1499 810 1572 industriam
856 1503 1113 1574 transversum
1159 1503 1320 1575 incurrit
1368 1502 1530 1576 invidum

348 1627 492 1718 fatum,
520 1630 634 1721 teque
662 1627 820 1699 abstulit
846 1651 912 1721 per
938 1629 1010 1701 iter
1036 1629 1324 1703 tenebricosum.
1359 1628 1441 1702 lam
1468 1651 1531 1704 ave

349 1760 387 1828 et
413 1756 518 1846 vale,
540 1756 603 1850 pia
627 1756 774 1844 anima;
802 1756 854 1828 sit
878 1756 948 1829 tibi
974 1759 1078 1829 terra
1103 1757 1201 1830 felix.
1309 1753 1311 1758 ’

395 1887 446 1958 At
472 1885 635 1957 alterum
656 1885 793 1974 etiam,
816 1886 1033 1978 priusquam
1052 1885 1123 1958 hoc
1144 1886 1384 1979 opusculum,
1408 1887 1531 1980 quale·

346 2035 507 2108 cumque
540 2016 615 2100 est,
651 2016 794 2102 vestro,
831 2014 903 2086 viri
932 2013 1149 2103 clarissimi,
1175 2014 1347 2088 sollemni
1372 2015 1532 2088 examini

345 2143 588 2231 submittam,
613 2144 735 2215 restat
759 2141 1024 2214 suavissimum
1049 2140 1140 2212 mihi
1162 2144 1202 2214 et
1222 2141 1530 2214 iucundissimum

345 2271 517 2344 officium.
552 2269 690 2342 Gratus
724 2269 826 2342 enim
858 2269 1050 2357 recordor,
1076 2271 1222 2362 quanta
1243 2269 1282 2340 in
1307 2269 1378 2342 hac
1400 2269 1530 2342 disser-

344 2399 490 2471 tatione
515 2397 771 2490 oomponenda
796 2396 976 2468 beneficia
1000 2397 1040 2468 in
1067 2419 1128 2469 me
1151 2399 1356 2471 contulerit
1381 2399 1439 2472 vir
1459 2399 1532 2471 cla·

344 2526 514 2598 rissimus
536 2549 608 2599 vau
633 2548 820 2612 annuum,
841 2529 1035 2618 promotor
1055 2526 1402 2616 aestimatissimuS,
1425 2527 1533 2599 cuius

343 2677 450 2727 rarae
483 2654 731 2725 humanitatis
764 2655 802 2725 et
836 2652 1118 2727 benevolentiae
1150 2655 1376 2728 documenta
1404 2655 1533 2749 palam

342 2782 464 2854 facere
489 2804 550 2853 me
574 2784 682 2854 vetat
706 2780 904 2875 singularis
929 2781 1007 2853 eius
1034 2782 1235 2871 modestia,
1261 2805 1357 2876 quae
1381 2785 1535 2872 tamen,

341 2912 431 3005 quin
467 2933 612 3005 semper
645 2912 755 3004 grata
790 2911 917 2981 mente
949 2932 1016 3004 pro
1050 2933 1218 3000 summa,
1244 2933 1319 3004 qua
1340 2934 1400 2984 me
1427 2934 1534 2984 exce-

341 3040 439 3133 perit
467 3038 696 3111 liberalitate
721 3036 755 3110 ei
781 3059 894 3130 quam
921 3037 1084 3110 maxime
1109 3038 1303 3112 devinctus
1330 3039 1420 3129 sim,
1447 3062 1534 3132 pro-

340 3165 467 3239 hibere
492 3167 634 3260 nequit.

388 3295 470 3366 Tibi
496 3316 660 3387 quoque,
686 3294 888 3367 clarissime
919 3297 959 3368 et
979 3295 1192 3368 doctissime
1213 3317 1402 3380 nanruau,
1428 3318 1536 3366 sum·

342 3443 422 3493 mas
454 3444 524 3515 ago
557 3421 699 3515 gratias
732 3445 799 3516 pro
824 3423 988 3512 liberali,
1016 3445 1127 3516 quem
1152 3421 1191 3492 in
1217 3443 1277 3492 me
1303 3419 1536 3513 praestitisti

340 3550 486 3639 animo,
525 3550 628 3622 cuius
667 3549 845 3622 notitiam
879 3552 1118 3626 dolendumst
1149 3549 1242 3621 mihi
1276 3552 1428 3621 tanturn
1462 3571 1537 3642 per

339 3677 468 3748 literas
494 3677 712 3751 contrahere
737 3678 895 3753 licuisse.

388 3805 512 3898 Atque
537 3805 593 3878 ita
617 3805 693 3877 iam
717 3806 830 3896 vade,
852 3808 905 3878 mi
924 3808 1069 3898 libelle,
1089 3833 1166 3884 non
1187 3810 1336 3906 quidem
1360 3833 1541 3900 securae,

338 3933 401 4005 sed
434 3935 585 4020 tamen,
605 3933 716 4025 'quod
751 3934 851 4022 viro,
886 3934 927 4004 in
960 3957 1034 4026 quo
1067 3959 1217 4009 summa
1248 3938 1418 4011 doctrina
1442 3959 1542 4010 curn

338 4061 481 4155 optimo
494 4060 631 4133 iudicio
645 4061 845 4133 coniuncta
858 4064 934 4150 est,
949 4064 1010 4134 sat
1024 4063 1219 4156 placuisti,
1232 4087 1317 4136 eum
1331 4066 1431 4138 bona
1443 4087 1516 4160 spe
1528 4087 1538 4150 ;

386 4190 539 4258 tantum
564 4208 613 4259 ne
639 4208 794 4275 noceas,
821 4187 909 4259 dum
939 4189 992 4262 vis
1019 4189 1212 4283 prodesse,
1237 4189 1383 4264 videto!
