3366 5324
921 445 965 520 16

358 635 405 706 ut
437 653 545 705 reum
581 631 721 720 caedis,
760 632 909 704 crimini
945 632 1077 722 datae,
1111 633 1322 706 convincat.
1357 631 1414 706 Ut
1447 633 1557 706 enim

358 757 529 832 stabiliat
560 760 600 830 et
633 758 867 849 corroboret,
900 781 997 854 quae
1030 759 1293 853 perhibuerat,
1327 760 1407 833 scil.
1441 783 1554 834 reum

357 887 527 980 patrasse
560 884 731 975 caedem,
765 890 804 958 et
838 908 882 959 eo
914 886 1067 980 quidem
1101 886 1256 960 consilio
1285 890 1477 981 patrasse,
1502 909 1556 960 ne

357 1011 469 1088 homo
508 1012 575 1086 illc
610 1011 785 1086 inimicus
819 1035 994 1104 causam,
1026 1036 1143 1107 quam
1176 1013 1409 1104 minaretur,
1443 1016 1484 1086 in
1512 1038 1555 1088 se

357 1139 553 1214 intendere
585 1143 728 1235 posset,
762 1139 891 1230 docet,
918 1184 964 1194 -
991 1162 1079 1213 oum
1103 1139 1210 1212 nulla
1234 1142 1386 1230 tamen,
1413 1142 1555 1236 quibus

357 1265 436 1340 talc
474 1266 564 1361 quid
600 1265 692 1340 effici
730 1267 866 1362 possit,
899 1271 1124 1362 argumenta
1159 1265 1324 1357 adferat,
1359 1313 1405 1320 —
1439 1291 1553 1342 reum

357 1397 471 1468 antea
505 1391 702 1466 manifesto
729 1393 897 1484 scivisse,
923 1393 1002 1467 fore
1026 1397 1072 1466 ut
1095 1416 1208 1467 causa
1232 1393 1436 1467 excideret:
1465 1395 1553 1466 nul-

358 1521 436 1594 lam
468 1521 568 1594 enim
603 1519 718 1593 aliam
753 1511 906 1594 oensem
938 1522 1148 1612 exstitisse,
1174 1524 1218 1594 ut
1243 1520 1476 1595 maleficium
1500 1524 1552 1596 ab

358 1671 402 1724 co
427 1647 739 1724 committeretur.
766 1646 879 1738 Ecce,
905 1649 1016 1722 futile
1043 1653 1083 1722 et
1106 1649 1239 1743 utique
1264 1649 1464 1743 impudens
1491 1673 1552 1722 ar-

357 1781 592 1874 gumentum.

408 1903 450 1998 β.
489 1903 565 1996 59.
600 1901 713 1990 ἁλοὺς
742 1902 818 1998 μὲν
852 1904 925 2001 γαρ
949 1910 1017 1994 τὴν
1041 1909 1192 2003 γραφὴν
1216 1917 1284 1995 τῆς
1307 1903 1382 1998 μὲν
1408 1906 1552 1990 οὐσίας

358 2031 428 2130 ᾔδη
454 2031 750 2127 ἐνστησόμενος,
774 2043 841 2108 τοῦ
867 2030 909 2107 δὲ
936 2038 1116 2125 σώματος
1141 2036 1209 2107 καὶ
1235 2047 1302 2124 τῆς
1327 2035 1551 2119 πόλεωςοιῑκ

359 2161 652 2258 α’πεστερούμην,
674 2165 959 2259 περιγενόμενος
978 2160 1020 2234 δὲ
1035 2164 1104 2235 καὶ
1116 2163 1307 2255 λειφθείς,
1321 2163 1396 2235 κᾶν
1410 2164 1551 2259 ἔρανον

359 2291 463 2388 παρὰ
489 2299 565 2366 τῶν
590 2290 714 2383 otior
740 2290 946 2380 συλλέξας,
973 2293 1038 2364 οὐκ
1062 2291 1113 2365 ἂν
1134 2291 1190 2375 εἰς
1210 2292 1260 2365 τοὶ
1277 2293 1431 2385 ἔσχατα
1447 2292 1550 2364 κακοὶ

359 2413 492 2510 ᾖλθον·
525 2417 721 2492 Sententia
752 2418 926 2492 hocloco
951 2441 1027 2491 non
1052 2418 1203 2513 flagitat
1227 2419 1422 2492 notionem
1451 2441 1549 2506 ,non

359 2544 570 2642 privabar”,
596 2567 692 2639 quae
718 2544 817 2619 inest
838 2546 971 2619 codicis
993 2545 1029 2619 N
1051 2546 1316 2636 lectioni2oox
1329 2547 1548 2645 ἀπεστερού-

358 2698 454 2772 μην,
490 2673 572 2764 sed,
606 2673 638 2747 si
670 2673 760 2769 quid
794 2676 937 2766 sentio,
964 2697 1056 2770 opus
1082 2678 1140 2749 est
1165 2677 1320 2750 notione
1353 2700 1450 2764 ,non
1476 2678 1548 2772 pri·

358 2805 470 2879 vatus
496 2799 621 2878 eram''
644 2801 668 2874 i.
683 2824 714 2877 e.
729 2803 799 2876 οὐκ
813 2805 1027 2900 ε’στερόμην.
1041 2801 1123 2875 Ηοο
1135 2805 1264 2876 autem
1277 2803 1354 2878 iam
1368 2802 1548 2877 facillime

359 2932 442 3008 elici
465 2954 571 3028 posse
592 2953 637 3006 ex
650 2932 810 3007 lectione
823 2931 1020 3005 codicisA:
1038 2916 1275 3027 ἐστερούμην,
1289 2953 1375 3004 cum
1389 2931 1429 3003 in
1443 2930 1547 3004 libris

359 3081 446 3133 mss.
475 3057 571 3134 Oet
604 3053 628 3132 8
663 3058 859 3132 sescenties
884 3057 984 3130 inter
1009 3079 1049 3130 se
1074 3056 1249 3130 confusae
1272 3059 1367 3147 sint,
1392 3059 1457 3132 vix
1478 3062 1547 3147 est,

359 3185 458 3282 quod
490 3185 660 3280 pluribus
693 3186 964 3272 demonstrem3
1001 3183 1046 3258 cf.
1074 3206 1106 3256 e.
1132 3207 1167 3279 g.
1190 3189 1213 3256 Ι
1237 3184 1311 3278 55,
1339 3185 1404 3258 ubi
1430 3185 1468 3258 N
1492 3209 1545 3279 pr.

358 3313 393 3388 Α
426 3338 481 3409 pr.
514 3313 706 3410 προβολῆς
738 3314 920 3407 praebent
952 3335 1019 3408 pro
1054 3335 1118 3403 eo,
1151 3312 1250 3407 quod
1284 3312 1443 3385 oratoris
1470 3316 1545 3386 est:

359 3441 588 3538 προβοολῆς.

408 3569 499 3662 θ13.
527 3567 627 3644 εἰδὲ
654 3569 725 3643 ὑπὸ
751 3574 896 3659 ζῶντος
919 3567 1153 3663 ε’διωκόμην,
1173 3569 1243 3642 οὐκ
1256 3567 1306 3642 ἂν
1317 3572 1443 3661 μόνον
1454 3569 1546 3668 ὑπὲρ

359 3701 525 3793 ἐμαυτοῦ
557 3698 838 3796 ἀπελογούμην,
873 3698 953 3771 ἀλλ’
989 3700 1108 3772 αὐτόν
1142 3725 1181 3771 τε
1205 3708 1341 3772 τοῦτον
1366 3700 1548 3783 καὶτοὺς

357 3831 476 3925 τούτῳ
506 3825 582 3924 μὲν
608 3830 701 3905 (ον’)
727 3831 986 3920 βοηθοῦντας,
1012 3830 1097 3924 παρ’
1124 3828 1217 3918 ἐμοῦ
1242 3822 1285 3899 δὲ
1315 3827 1549 3921 ὠφελεῖσθαι

359 3964 570 4051 ζητοῦντας
606 3960 665 4050 ἐφ’
691 3953 752 4041 οἷς
778 3960 1020 4054 κατηγορεῖτε
1038 3982 1136 4051 μοο,
1163 3953 1333 4042 ἐπέδειξα
1358 3958 1408 4032 ἂν
1411 4012 1547 4033 ......

357 4087 600 4171 ἀδικοῦντας.
627 4084 666 4158 Si
692 4084 739 4156 ab
757 4083 823 4156 illo
845 4087 1042 4157 accusatus
1060 4106 1287 4174 essem,non
1300 4085 1410 4157 modo
1422 4086 1549 4179 ipsum

358 4220 616 4291 accusatorem
638 4212 731 4285 mihi
751 4211 929 4284 iniuriam
943 4212 1063 4286 facere
1076 4211 1417 4302 ostendissem,sed
1429 4215 1549 4287 etiam

358 4344 645 4439 subscriptores,
670 4339 736 4435 qui
758 4342 906 4433 partem
926 4340 1172 4414 accusationis
1193 4340 1276 4412 ideo
1290 4346 1548 4434 susceperunt,

358 4471 457 4564 quod
482 4471 705 4566 sperabant,
730 4465 829 4556 fore,
854 4469 899 4540 ut
923 4467 1011 4540 inde
1031 4467 1173 4560 aliquid
1193 4466 1233 4538 in
1251 4467 1548 4541 selucriredun·
