3424 5320
891 428 959 501 108

326 613 468 688 0111110
493 615 593 688 absit
618 617 659 688 et
683 618 812 688 nostro
837 615 918 688 loco
943 616 1054 709 plane
1079 615 1216 688 inutile
1237 615 1414 690 abundet.
1437 617 1518 702 ouo

326 740 490 830 aceedit,
525 740 624 835 quod
657 762 777 835 seqq:
813 741 901 825 τοὺς
933 743 1133 839 μάρτυρας
1158 742 1246 827 τους
1272 769 1518 842 καταμαρτυ-

326 876 492 963 ροῦντας
517 890 774 962 praegressum
801 869 954 962 quidem
979 891 1057 942 esse
1081 868 1252 942 indicant
1276 871 1518 962 vocabulum,

326 1017 400 1087 quo
434 995 665 1088 significetur
691 999 959 1093 contraquam
985 997 1250 1069 testimonium
1276 997 1419 1070 dictum
1446 998 1517 1087 sit,

325 1119 388 1193 sed
414 1143 490 1194 non
515 1122 627 1204 item,
657 1122 717 1192 cui
741 1121 780 1192 id
806 1123 856 1194 sit
881 1123 1054 1196 utilitati.

374 1248 420 1318 In
445 1248 687 1341 sequentibus
713 1269 861 1338 vereor,
888 1251 933 1320 ut
958 1249 1088 1322 multis
1114 1250 1282 1343 placeat,
1304 1250 1403 1344 quod
1416 1249 1519 1323 Reis-

324 1374 409 1446 kius
457 1375 580 1448 verbis
621 1385 705 1457 τοῖς
737 1385 997 1469 μαρτυρουσιν
1032 1375 1259 1468 interposuit
1291 1398 1517 1471 pronomen:

326 1501 435 1593 ἐμοί,
470 1485 578 1589 oum,
612 1505 657 1573 ut
690 1503 767 1573 iam
803 1503 1039 1576 Maetznerus
1073 1525 1157 1597 pag.
1186 1501 1256 1574 264
1283 1501 1518 1591 observavit,

328 1629 431 1717 tota,
466 1649 562 1720 quae
593 1626 699 1700 adest
724 1628 927 1721 oppositio,
953 1631 1124 1701 versetur
1148 1629 1250 1702 inter
1275 1635 1351 1702 τῶν
1376 1631 1518 1723 μαρτύ-

329 1780 404 1848 ρων
438 1752 658 1826 testimonia
691 1755 730 1824 et
762 1757 1026 1826 accusatorum
1059 1756 1183 1828 verba.
1219 1755 1327 1828 Hanc
1360 1757 1407 1827 ob
1433 1777 1519 1828 eau-

331 1902 412 1952 sam
445 1878 724 1967 BohlmannuS‚
758 1879 803 1951 el.
839 1879 939 1971 584,
974 1881 1040 1953 ubi
1073 1882 1228 1952 tantum
1253 1882 1408 1976 legitur:
1436 1891 1520 1965 τοῖς

331 2003 406 2101 μὲν
440 2015 723 2101 μαρτυροῦσιν,
757 2007 956 2080 delendum
990 2007 1117 2101 potius
1143 2011 1271 2080 censet
1295 2009 1519 2082 vocabulum

330 2133 537 2228 μάρτυσιν.
581 2133 671 2224 Sed,
705 2135 905 2228 quominus
938 2135 1019 2208 viro
1055 2134 1270 2210 doctissimo
1303 2135 1373 2208 hac
1404 2137 1445 2206 in
1479 2157 1521 2206 re

334 2259 631 2344 consentiamus,
659 2282 703 2333 eo
727 2284 856 2333 rursus
880 2262 1108 2350 retinemur,
1133 2262 1234 2355 quod
1254 2269 1338 2333 tum
1361 2261 1521 2334 vocabu-

331 2387 413 2457 lum
445 2396 705 2482 μαρτυρουσιυ
730 2388 882 2482 quidem
909 2387 1171 2481 explicandum
1196 2390 1296 2460 esset
1320 2409 1404 2482 per:
1432 2399 1521 2490 ταῖς

332 2521 409 2586 τῶν
449 2516 649 2609 μαρτύρων
681 2515 937 2610 μαρτυρίαις,
971 2513 1096 2607 ipsum
1129 2515 1259 2586 autem
1294 2514 1521 2588 vocabulum

331 2641 561 2736 μαρτυρίαις
586 2644 740 2736 propter
765 2641 935 2735 opposita
959 2652 1043 2724 τοῖς
1066 2640 1217 2736 λόγοις,
1245 2641 1310 2722 οὓς
1334 2629 1439 2713 οὗτοι
1464 2642 1520 2713 λε’-

333 2796 471 2868 γουσιν
504 2770 661 2842 minime
694 2772 822 2844 abesse
854 2770 953 2844 licet.
976 2768 1168 2863 Equidem
1201 2768 1276 2841 levi
1309 2768 1523 2842 mutatione

332 2901 492 2992 utroque
518 2900 599 2973 loeo
625 2901 699 2994 legi
723 2900 873 2972 malim:
900 2907 984 2982 τοῖς
1010 2895 1085 2990 μὲν
1105 2909 1188 2980 τοῖς
1208 2896 1402 2989 μάρτυσιν
1423 2924 1522 2993 μαρ-

332 3031 516 3122 τυρουμέ
522 3047 640 3111 νοις.
668 3026 769 3100 Nam
793 3028 867 3098 ita:
894 3026 942 3098 τοὶ
965 3027 1260 3122 μαρτυρούμενα
1283 3025 1372 3118 poni
1393 3046 1460 3118 pro
1474 3031 1522 3096 αἱ

332 3153 546 3251 μαρτυρίαι
579 3153 817 3227 notissimum
844 3155 919 3240 est;
947 3153 993 3226 ef.
1020 3151 1135 3224 etiam
1162 3153 1311 3246 praeter
1336 3151 1395 3241 id,
1421 3150 1523 3243 quod

257 3268 259 3272 ’
333 3281 514 3354 adnotavi
538 3280 586 3352 ad
611 3280 654 3353 V.
681 3279 781 3370 557,
804 3282 850 3351 A.
871 3308 910 3377 y.
930 3279 1004 3371 59:
1028 3283 1135 3371 ἡμεῖς
1156 3276 1198 3352 δὲ
1221 3281 1330 3367 ὑμῶν
1352 3275 1520 3370 δεόμεθα

333 3408 406 3504 μὲν
441 3407 573 3489 οῧδέν,
611 3409 770 3505 λέγομεν
804 3405 839 3480 δ’
872 3408 985 3500 ὑμῖν,
1020 3408 1056 3480 εἰ
1075 3412 1169 3502 μήτε
1195 3407 1237 3480 ἐκ
1263 3413 1340 3480 τῶν
1365 3407 1522 3482 εἰκότων

334 3543 424 3630 μήτε
457 3538 500 3609 ἐκ
531 3542 607 3608 τῶν
632 3540 954 3631 μαρτυρουμένων
979 3522 1089 3618 οὗτοςΙ
1115 3545 1186 3608 νῦν
1211 3535 1426 3632 ἐλέγχεται,
1453 3535 1523 3608 οὐκ

333 3666 439 3739 ἔστιν
464 3665 522 3737 ἔτι
547 3671 625 3737 τῶν
651 3661 900 3756 διωκομένων
925 3664 1082 3761 ἔλεγχος
1106 3660 1245 3746 οὐδείς.

384 3792 528 3866 Deinde
552 3791 715 3864 Cobetus
741 3791 878 3864 Mnem.
905 3791 1007 3867 VIII.
1034 3813 1118 3886 pag.
1147 3789 1217 3862 289
1238 3811 1313 3884 seq.
1335 3812 1402 3883 pro
1423 3790 1521 3861 into·

276 4007 281 4022 .
333 3918 481 3991 lerabili
506 3917 572 3991 illo
598 3909 851 3992 διδάσκουσιν
877 3917 1183 3992 substituendum
1208 3917 1383 4011 proponit
1408 3916 1523 3990 κελεύ-

334 4072 443 4119 ουσιν
481 4068 501 4118 0
541 4043 584 4118 V.
620 4046 710 4138 §84
744 4045 1029 4140 depromptum,
1062 4047 1102 4117 et
1136 4043 1330 4117 defensum
1363 4044 1445 4116 loco
1478 4065 1524 4116 ex

336 4175 466 4247 eadem
494 4173 665 4247 oratione
690 4174 735 4246 V.
761 4174 860 4265 §122
888 4172 1016 4246 ἔπειτα
1043 4173 1199 4255 κελεύεις
1225 4176 1312 4254 τοὺς
1333 4168 1526 4256 δικαστάς

336 4301 554 4394 ἀνωμότοις
587 4303 867 4384 πιστεύσαντας
893 4310 982 4384 ,τοῖς
1011 4309 1245 4397 μαρτυροῦσι
1270 4301 1389 4391 φόνου
1416 4295 1526 4386 δίκην

338 4436 589 4528 καταγνῶναι
632 4454 667 4524 q.
690 4452 717 4502 s.
761 4429 1034 4503 Herwerdenus
1074 4450 1162 4502 vero
1202 4427 1403 4520 utrobique
1433 4426 1528 4500 haec
