3424 5320
922 453 968 525 94

352 641 380 713 ἃ
405 640 479 738 ἐγὼ
504 639 601 726 deco
624 637 772 736 μεγάλοι
793 666 864 730 μοι
885 647 1073 736 τεκμήρια
1095 635 1198 715 εἶναι
1220 651 1287 732 τῆς
1308 643 1463 734 αἰτίοις,
1486 645 1550 718 ὅτι

354 770 421 842 ουίι
447 768 568 858 άληθῆ
594 796 671 859 μου
697 756 803 841 οὗτοι
831 777 1093 866 κατηγοροῦσι.

402 895 544 970 Deinde
568 894 802 967 Hartmanus
824 896 1025 969 offenditur
1044 895 1270 990 repetitione
1284 898 1446 970 nominis
1460 922 1545 993 pro-

354 1025 445 1119 prii,
479 1046 546 1117 pro
580 1044 675 1117 qu0,
704 1023 753 1113 si,
778 1046 876 1117 quae
902 1023 1188 1112 antecesserint,
1214 1025 1378 1118 genuina
1404 1029 1548 1116 essent,

353 1173 431 1225 sese
465 1151 597 1244 utique
629 1148 720 1222 dicit
756 1153 1060 1245 exspectaturum
1094 1173 1173 1224 esse
1199 1174 1405 1245 pronomen
1431 1155 1546 1250 αὐτῷ.

354 1278 404 1350 Et
440 1299 590 1366 revera,
630 1277 661 1348 si
699 1276 769 1350 hoe
802 1277 1029 1350 vocabulum
1062 1277 1226 1366 adesset,
1263 1278 1359 1350 nihil
1383 1281 1547 1375 amplius

354 1405 638 1478 desiderandum
674 1407 856 1491 restaret;
895 1427 972 1477 non
1010 1407 1140 1477 tamen
1177 1405 1274 1478 hano
1310 1406 1357 1478 ob
1393 1429 1546 1479 eausam

355 1534 486 1606 statim
518 1532 743 1606 tentandum
771 1534 829 1604 est
854 1553 991 1604 nomen
1017 1532 1232 1626 proprium,
1258 1533 1374 1626 quod,
1400 1535 1431 1606 si
1455 1536 1548 1629 quid

354 1660 495 1745 sentio,
522 1663 606 1733 tota
632 1661 788 1734 huiusne
812 1661 885 1734 loci
911 1661 1037 1734 indole
1062 1662 1154 1733 satis
1180 1659 1402 1735 defenditur.
1435 1662 1546 1736 Prae-

354 1791 459 1861 terea
484 1788 523 1859 in
549 1788 793 1883 Antiphontis
814 1788 983 1881 reliquiis
1005 1788 1248 1862 emendandis
1269 1793 1451 1883 perpetuo
1467 1813 1545 1864 me·

354 1916 476 1988 moria
500 1917 706 1990 tenendum
728 1919 833 2011 puto,
855 1915 1143 2005 Rhamnusium,
1163 1919 1297 2009 utpote
1313 1917 1545 1992 conditorem

354 2046 469 2138 atque
514 2046 662 2138 patrem
708 2043 894 2117 iudicialis
931 2042 1076 2116 dicendi
1111 2044 1279 2138 generiS,
1318 2045 1423 2118 euius
1461 2069 1544 2120 ora·

354 2171 476 2244 tiones
511 2170 550 2243 in
586 2171 934 2265 antiquissimorum
968 2171 1108 2244 attieae
1142 2171 1378 2265 eloquentiae
1413 2197 1544 2247 monu-

355 2301 572 2371 mentorum
599 2298 676 2370 sint
703 2321 872 2388 numero,
898 2321 974 2372 non
999 2298 1213 2371 habendum
1240 2321 1319 2372 esse
1344 2303 1544 2392 oratorem,

289 2427 292 2432 ’
354 2427 476 2519 qualis
510 2425 668 2498 existere
701 2425 806 2499 nullo
840 2425 950 2499 modo
984 2426 1130 2519 potuit,
1163 2427 1392 2520 perpolitum
1429 2431 1544 2522 atque

354 2551 582 2646 perfeetum,
628 2573 749 2645 neque
794 2551 912 2646 igitur
956 2547 1067 2646 aegre
1103 2574 1180 2625 esse
1214 2551 1429 2645 ferendum,
1464 2556 1544 2628 eius

355 2680 540 2753 orationes
581 2701 657 2751 non
700 2702 790 2773 prae
831 2701 870 2752 se
910 2678 1007 2752 ferre
1048 2671 1143 2751 illud
1187 2680 1403 2778 γλαφυρόν,
1443 2685 1545 2778 quod

353 2807 394 2878 in
452 2807 528 2878 suis
581 2808 627 2878 ut
680 2829 826 2901 semper
880 2806 1110 2879 admiremur
1163 2809 1424 2901 orationibus,
1474 2834 1543 2884 nos

353 2935 455 3029 eogit
479 2933 669 3006 Isocrates.
697 2934 780 3006 Huo
805 2934 922 3027 igitur
947 2933 1156 3007 referendas
1178 2939 1271 3029 puto
1292 2941 1441 3031 praeter
1460 2961 1543 3013 ver-

354 3061 537 3135 bosiorem
562 3060 708 3133 dieendi
730 3061 916 3133 rationem
929 3117 938 3152 ,
951 3061 1066 3133 etiem
1078 3063 1275 3134 nominum
1289 3065 1544 3158 repetitiones,

353 3211 446 3282 quas
481 3189 628 3282 saepius
663 3188 702 3259 in
737 3187 961 3291 antiquioris
995 3189 1175 3283 temporis
1200 3193 1456 3265 monumentis
1481 3193 1543 3266 de·

354 3316 533 3411 prehendi
556 3317 655 3388 lieet.
678 3315 894 3388 Invenimus
913 3338 1050 3389 nomen
1064 3320 1212 3410 praeter
1227 3303 1544 3413 exspeotationem

353 3444 557 3537 repetitum
584 3465 614 3514 e.
628 3465 663 3536 g.
683 3442 711 3513 1.
726 3444 747 3532 ξ
764 3442 824 3513 19:
840 3444 908 3515 ιιοιί
923 3443 1007 3536 άμοι
1020 3449 1177 3536 οἰομένη
1190 3421 1405 3534 δεξιόν<τι>
1420 3461 1543 3524 ποιεῖν

253 3583 255 3590 “
354 3573 464 3644 πλέον
498 3567 633 3642 δίδωσι
668 3579 719 3666 τῷ
757 3571 943 3668 Φιλόνεῳ,
972 3573 1043 3662 ὡς,
1069 3574 1109 3646 εί
1128 3573 1213 3663 δοιη
1238 3578 1370 3668 πλέον,
1395 3579 1543 3671 μᾶλλον

355 3701 586 3795 φιληοομένη
620 3699 692 3774 ὑπὸ
716 3708 782 3774 τοῦ
809 3703 988 3776 Φιλόνεω·
1015 3703 1068 3775 At
1092 3703 1266 3777 delentur
1290 3707 1381 3779 haee
1405 3708 1544 3780 ultima

355 3831 471 3904 verba
501 3829 549 3901 ab
574 3827 796 3923 Hirsehigio.
824 3829 893 3902 Sed
920 3831 1059 3903 iterum
1084 3833 1246 3926 reperies
1272 3836 1484 3930 exemplum
1497 3835 1542 3908 V.

354 3959 453 4050 §681
489 3959 630 4031 αὐτίκα
666 3958 873 4048 Ἐφιάλτην
905 3960 973 4032 τὸν
1006 3961 1186 4056 ὑμέτερον
1219 3961 1373 4051 πολίτην
1398 3963 1545 4038 οὐδέπω

354 4089 471 4174 (καὶ)
497 4097 566 4160 νυν
593 4089 774 4181 ηὕρηνται
801 4095 843 4159 οἱ
866 4086 1170 4172 άποκτιίναντες·
1201 4088 1239 4160 εἰ
1258 4081 1326 4163 οὖν
1352 4119 1412 4176 τις
1436 4095 1543 4182 ἠξίου

353 4217 441 4302 τους
465 4218 658 4297 συνόντος
684 4216 813 4311 ἐκείνῳ
837 4220 1003 4305 εἰκάζειν
1029 4221 1171 4300 οἵτινες
1193 4211 1292 4306 ἦσαν
1314 4229 1355 4292 οἱ
1371 4220 1543 4296 άποιιτιιὲ

354 4371 491 4429 ναντες
528 4343 755 4435 Ἐφιάλτην,
789 4346 827 4416 εἰ
856 4342 897 4417 δὲ
932 4353 1003 4439 μη,
1038 4348 1205 4438 ἐνόχους
1230 4343 1332 4420 εἶναι
1359 4360 1409 4444 τῷ
1435 4355 1545 4448 φόνῳ

354 4475 422 4548 ουίι
447 4475 498 4547 ἂν
522 4475 649 4556 καλῶς
670 4469 751 4564 εἶχε
772 4485 855 4558 τοῖς
877 4487 1068 4550 συνοῦσιν.
1085 4476 1213 4548 ἔπειτα
1227 4481 1268 4550 οἳ
1278 4506 1319 4574 γε
1334 4480 1544 4570 Ἐφιάλτην
