3424 5320
904 463 952 544 84.

324 679 438 751 quam
464 656 629 731 Herodes
653 656 849 752 reliquisse
873 655 1031 729 diciturl
1054 654 1238 750 Equidem
1256 654 1327 727 boo
1347 653 1512 726 alterum

325 785 543 876 statuerim,
586 807 673 858 oum
707 789 856 880 tempus
889 785 967 856 iam
1000 784 1147 856 affatim
1180 782 1431 878 significatum
1465 782 1516 854 sit

325 912 506 986 vocabulo
548 915 713 1010 νύκτωρ,
755 935 824 986 neo
857 913 1025 986 homines
1056 915 1141 984 tum
1174 911 1357 1005 temporis
1382 911 1515 1006 vigiles

321 1062 401 1112 esse
427 1040 583 1114 soleant.
610 1040 751 1115 Ceteris
776 1041 894 1136 igitur
915 1039 1075 1113 navibus
1097 1061 1227 1112 omnes
1249 1038 1326 1109 iam
1342 1038 1513 1110 cubitum

317 1167 460 1252 ierant,
487 1168 551 1241 sed
576 1169 616 1241 in
630 1191 708 1262 tea,
734 1168 780 1242 de
807 1192 884 1262 qua
906 1168 1115 1262 loquimur,
1140 1167 1384 1264 ἐγρηγορότες
1397 1166 1513 1239 etiam

319 1297 447 1385 erant,
475 1319 562 1369 oum
588 1297 700 1368 hilari
724 1297 912 1391 symposio
937 1295 1155 1390 cougregati
1177 1294 1238 1388 (of.
1262 1296 1363 1387 523:
1388 1292 1514 1382 ἐπειδὴ

321 1418 363 1493 δὲ
387 1423 641 1516 μετεξέβημεν
664 1423 720 1508 εἰς
745 1425 789 1495 τὸ
813 1429 939 1519 ἕτερον
965 1424 1116 1513 πλοῖον,
1144 1422 1357 1514 ἐπίνομεν),
1382 1444 1513 1495 somno

318 1549 397 1621 iam
421 1550 616 1644 indulgere
642 1552 800 1624 nollent.
826 1551 925 1624 Hinc
945 1549 1422 1646 intellegimus‚Herodem
1435 1571 1512 1622 non

321 1676 394 1750 dici
418 1679 567 1772 signum
593 1678 782 1771 quoddam
807 1678 896 1750 dare
917 1679 1084 1773 potuisse
1107 1690 1188 1762 τοῖς
1202 1679 1244 1751 ἐν
1257 1688 1341 1762 τοῖς
1354 1678 1512 1766 πλοίοις,

321 1806 387 1900 qui
412 1827 544 1878 somno
568 1803 646 1876 iam
672 1809 798 1878 essent
823 1806 970 1895 obruti,
998 1806 1061 1879 sed
1087 1807 1286 1880 comitibus
1312 1807 1406 1878 suis:
1431 1817 1513 1890 τοῖς

323 1935 367 2007 ἐν
390 1943 442 2028 τῷ
467 1933 601 2029 πλοίῳ,
628 1956 719 2026 quos
745 1933 913 2006 nondum
940 1933 1146 2008 domuisset
1171 1934 1381 2028 Morpheus.
1408 1933 1512 2006 (lete-

320 2084 406 2133 rum
431 2082 507 2133 non
528 2059 689 2133 nimium
711 2061 954 2133 tribuendum
978 2084 1056 2134 esse
1077 2061 1219 2135 Reiskii
1238 2061 1421 2151 versioni,
1434 2061 1511 2133 iam

321 2191 474 2282 apparet
501 2211 545 2261 ex
571 2187 638 2278 iis,
664 2210 760 2282 quae
785 2188 844 2261 vir
869 2187 1096 2260 clarissimus
1121 2188 1320 2262 adnotavit
1340 2189 1381 2260 in
1401 2187 1511 2260 initio

323 2315 501 2390 versionis
529 2338 618 2390 suae
643 2315 787 2389 latinae
812 2319 905 2390 tom.
933 2315 1025 2388 VIII
1049 2339 1132 2412 pag.
1165 2315 1244 2389 199.

372 2444 463 2534 553.
498 2446 599 2535 φασὶ
632 2442 674 2516 δὲ
708 2443 1016 2540 γραμματείόιον
1040 2445 1161 2542 εὑρεῖν
1187 2447 1229 2518 ἐν
1252 2454 1304 2540 τῷ
1329 2445 1464 2539 πλοίῳ,
1492 2446 1513 2518 ὃ

321 2572 489 2665 ἔπεμπον
515 2573 587 2670 ἐγὼ
612 2576 790 2670 Λυκίνῳ,
817 2574 870 2658 ὡς
891 2573 1162 2668 ἀποκτείναιμι
1184 2575 1252 2646 τὸν
1274 2573 1409 2671 ἄνδρα.
1426 2574 1509 2645 καί-

321 2728 382 2773 τοι
407 2703 449 2772 τί
471 2700 545 2774 ἔδει
566 2730 613 2793 με
635 2699 942 2798 γραμματείὸιον
967 2706 1137 2793 πέμπειν,
1159 2703 1276 2776 αὑτοῦ
1289 2700 1512 2786 συνειδότος

322 2833 459 2904 τοῦτὸ
485 2829 790 2928 γραμματείδιον
816 2837 1017 2928 φίροντος;
1045 2834 1139 2904 ὥστε
1157 2840 1266 2906 τοῦτο
1293 2830 1366 2924 μὲν
1392 2837 1511 2924 σαφέ-

323 2988 453 3053 στερον
491 2959 608 3044 αὐτὸς
645 2961 791 3054 ἔμελλεν
829 2961 926 3057 ε’ρεῖν
965 2962 985 3034 ὁ
1022 2962 1287 3059 εἰργασμένος,
1325 2969 1437 3035 τούτο
1470 2958 1513 3033 δὲ

319 3087 433 3162 οὐδὲν
460 3086 537 3162 ἔδει
564 3092 741 3186 κρύπτειν
769 3089 880 3162 αὐτά.
917 3089 1159 3162 Contendunt
1183 3090 1407 3179 adversarii,
1434 3111 1512 3163 sese

321 3219 361 3289 in
387 3218 476 3292 navi
501 3218 687 3292 invenisse
713 3218 936 3313 epistulam,
961 3241 985 3288 a
1011 3241 1071 3292 me
1097 3218 1236 3313 Lycino
1258 3218 1424 3308 missam,
1438 3241 1514 3312 qua

323 3346 520 3419 certiorem
554 3369 640 3419 eum
675 3345 854 3434 facerem,
890 3344 1078 3417 Herodem
1110 3368 1134 3416 a
1170 3369 1231 3418 mo
1264 3345 1512 3419 interemtum

322 3496 410 3547 esse.
445 3473 515 3562 At,
551 3473 642 3566 quid
675 3473 768 3544 mihi
802 3494 894 3567 opus
928 3476 1030 3562 erat,
1056 3474 1258 3568 epistulam
1284 3475 1455 3563 mittere,
1481 3474 1512 3546 si

320 3603 374 3690 is,
398 3601 464 3694 qui
488 3623 573 3673 cam
597 3603 786 3694 portaret,
810 3599 889 3694 ipse
913 3601 1081 3673 conscius
1105 3602 1227 3675 essetl
1251 3646 1295 3654 -
1318 3601 1421 3675 Haeo
1434 3601 1512 3674 fere

322 3734 450 3804 textus
484 3729 649 3823 praebet.
683 3728 762 3823 Ego
797 3731 926 3802 autem
958 3730 1052 3803 scire
1088 3731 1291 3824 pervelim,
1324 3729 1511 3824 quomodo

322 3881 450 3933 servus
475 3859 540 3930 ille
566 3857 733 3930 conscius
760 3857 883 3930 factus
910 3857 960 3929 sit
984 3857 1158 3930 facinoris
1185 3882 1208 3929 a
1228 3880 1291 3930 reo
1313 3856 1511 3930 commissi.

324 3987 381 4060 Ad
406 3987 503 4060 hanc
524 3985 624 4058 enim
646 3985 913 4058 conscientiam
931 3985 1049 4058 etiam
1060 3985 1237 4057 alludunt
1249 3984 1513 4058 antecedent-ia

323 4115 455 4191 Verba:
484 4117 614 4188 καίτοι
636 4115 680 4185 τὸ
701 4112 879 4209 παράπαν
900 4113 1009 4210 ἔγωγ’
1030 4113 1081 4185 ἂν
1102 4119 1138 4185 εί
1154 4139 1191 4183 τι
1206 4111 1348 4208 συνῄδη
1361 4115 1514 4206 ἐμαυτῷ

327 4287 370 4296 -
384 4245 451 4316 καὶ
475 4248 527 4336 μὴ
540 4245 810 4318 ὑπολείπεσθαι
823 4243 992 4333 μηνυτὰς
1007 4243 1092 4314 κατ’
1106 4244 1271 4334 ἐμαυτοῦ
1287 4243 1373 4326 τούς
1393 4269 1512 4316 συνει-

322 4370 440 4456 δότας
474 4375 539 4447 ubi
573 4396 692 4469 aeque
723 4372 763 4443 in
797 4371 954 4445 obscuro
987 4375 1063 4463 est,
1090 4373 1189 4444 unde
1214 4375 1345 4446 exorta
1370 4373 1420 4445 sit
1445 4372 1513 4442 illa

321 4501 557 4574 conscientia.
584 4501 767 4595 Equidem
791 4499 838 4571 ad
858 4499 926 4572 has
947 4501 1123 4574 tenebras
1146 4500 1396 4574 discutiendas
1417 4500 1513 4572 nibil
