3424 5320
864 411 913 482 64

291 603 472 698 quoniam
508 604 576 676 isse
611 604 652 674 in
684 602 796 675 initio
827 599 1038 674 sententiae
1073 601 1214 695 posita:
1248 601 1403 674 ἅπαντα
1433 602 1482 674 τιέ

291 729 523 827 δικαστήρια
557 734 599 804 ἐν
634 733 812 827 τἰππιῖθρῳ
832 727 982 818 δικάζει
1009 729 1079 814 τιές
1103 726 1221 812 δίκας
1246 739 1313 803 τοῦ
1339 732 1482 822 φόνου,

291 862 385 932 satis
417 861 574 948 docent,
606 881 816 931 sermonem
843 861 998 930 tantum
1023 879 1101 930 esse
1125 856 1172 930 de
1196 856 1362 947 iudiciis,
1386 880 1483 952 quae

290 988 340 1060 de
371 988 484 1061 caede
512 988 618 1058 fiant.
645 986 768 1072 Quare
792 1008 923 1059 censeo
949 986 1062 1060 verbe
1088 989 1155 1075 τὴν
1181 983 1296 1075 δίκην
1322 995 1389 1060 τοῦ
1413 991 1481 1079 φο

290 1143 362 1189 τοο
399 1120 468 1188 ἵνα
502 1115 728 1210 quantocius
756 1136 777 1186 e
804 1117 914 1186 textu
950 1112 1180 1185 eliminanda
1218 1136 1317 1203 esse,
1349 1117 1483 1208 utpote

291 1244 437 1316 adiecta
460 1267 483 1314 a
506 1244 646 1315 lectore
670 1240 851 1336 quodem,
876 1240 942 1334 qui
967 1240 1029 1312 hio
1054 1241 1132 1313 illio
1158 1241 1273 1315 verba
1298 1265 1319 1316 e
1344 1243 1483 1315 vioinia

291 1375 468 1466 prompta
503 1371 666 1443 inserere
700 1369 857 1458 soleret,
891 1390 967 1462 qua
999 1367 1045 1440 de
1078 1391 1119 1441 re
1157 1369 1349 1460 conferes,
1381 1392 1479 1464 quae

290 1497 524 1570 Hartmsnus
570 1495 724 1584 ,studia
760 1495 1043 1589 Antiphontea”
1082 1517 1166 1590 pag.
1206 1495 1229 1567 8
1267 1496 1483 1569 observavit

291 1625 340 1698 ad
360 1625 429 1716 54.

341 1753 492 1824 Ibidem:
516 1751 563 1825 σὺ
587 1749 629 1825 δὲ
654 1761 764 1826 τοῦτο
788 1749 863 1843 μὲν
887 1751 1089 1845 παρελθὼν
1114 1760 1248 1826 τοῦτον
1270 1755 1338 1828 τὸν
1358 1756 1482 1845 νόμον

291 1883 520 1956 τούναντίον
557 1893 640 1964 τοῖς
676 1880 809 1964 ἄλλοις
846 1880 1058 1968 πεποίηκας’
1095 1888 1204 1954 τοῦτο
1240 1880 1281 1954 δὲ
1318 1879 1407 1956 δέον
1442 1909 1483 1956 σε

292 2007 563 2102 διομόσασθαι
607 2009 723 2106 ὅρκον
760 2011 830 2083 τὸν
865 2013 1052 2106 μέγιστον
1091 2014 1161 2085 καί
1199 2011 1481 2107 ἰσχυρότατον,

293 2137 468 2224 &omar
494 2146 623 2234 σαυτῷ
647 2139 717 2210 καί
742 2145 844 2235 γένει
865 2139 935 2210 καί
959 2137 1065 2236 οἰκίᾳ
1090 2148 1134 2232 τῇ
1160 2149 1205 2232 σῇ
1228 2140 1479 2234 ἐπαρώμενον.

294 2256 317 2352 ἦ
341 2263 420 2353 μὴν
436 2261 489 2353 μὴ
514 2259 612 2332 ἄλλα
633 2267 906 2358 κατηγορήσειν
919 2262 1012 2354 ἐμοῦ
1026 2265 1048 2350 ἢ
1060 2262 1116 2346 εἰς
1129 2263 1248 2338 αὐτὸν
1261 2265 1331 2338 τὸν
1343 2271 1483 2358 φόνον,

293 2391 346 2474 ὡς
383 2389 535 2460 ἔκτεινα
570 2388 658 2459 cett.
693 2386 905 2476 Reiskium‚
940 2389 1005 2482 qui
1039 2389 1079 2460 in
1110 2393 1381 2467 accessionibus
1406 2395 1482 2467 suis

292 2516 341 2590 ad
374 2513 633 2609 Antiphontea
666 2513 713 2585 ad
745 2515 846 2587 huno
879 2515 1005 2589 looum
1036 2518 1106 2590 sub
1135 2541 1225 2594 vooe
1250 2523 1482 2598 τούναντίον

292 2644 469 2732 adnotat,
494 2640 633 2712 mirum
659 2663 697 2714 se
722 2641 882 2732 habere,
907 2664 981 2735 quo
1007 2643 1088 2716 iure
1115 2648 1242 2720 orator
1268 2652 1482 2744 perhibeat,

291 2771 472 2846 iudicium
496 2769 565 2841 sub
590 2771 691 2842 teoto
718 2769 798 2864 agi,
824 2769 967 2864 optimo
992 2770 1130 2845 refellit
1152 2773 1399 2868 Masonem,
1417 2780 1483 2873 qui

292 2897 474 2985 ostendis,
506 2895 639 2968 verba:
676 2897 718 2970 ἐν
750 2906 793 2990 τῇ
824 2897 949 2995 ἀγορᾷ
974 2899 995 2988 5
1020 2899 1064 2972 10
1087 2923 1164 2974 non
1187 2903 1381 2978 referenda
1406 2928 1484 2980 esse

292 3026 340 3100 od
376 3031 419 3100 ίν
453 3023 631 3120 ὑπαίθρῳ
665 3023 728 3097 sed
761 3024 809 3096 ad
843 3026 1090 3117 τούναντίον,
1124 3029 1224 3122 quod
1256 3032 1482 3106 vocabulum

292 3155 416 3252 ipsum
448 3153 505 3224 iis
535 3173 614 3224 esse
638 3152 915 3246 accipiendum,
945 3157 991 3227 ut
1015 3156 1159 3248 spectet·
1183 3157 1230 3229 ad
1257 3158 1483 3234 disasterion

292 3282 480 3378 quoddam
502 3282 571 3351 aut
592 3279 632 3350 in
654 3278 734 3352 foro
754 3283 823 3353 aui
844 3303 959 3375 prope
979 3281 1104 3355 forum
1127 3283 1255 3359 situm.
1269 3285 1306 3358 N
1307 3309 1370 3358 am
1382 3291 1492 3361 recte·

293 3411 352 3486 vir
375 3407 611 3484 doctissimus
636 3405 811 3479 observat
834 3407 875 3477 in
900 3407 972 3480 fori
997 3407 1136 3482 vicinia
1162 3434 1342 3507 magnum
1369 3414 1483 3488 fuisse

293 3533 575 3612 diosteriorum
610 3553 830 3622 numerum,
863 3556 937 3627 quo
969 3534 1087 3608 etiam
1121 3538 1259 3613 referre
1288 3543 1415 3635 potuit·
1440 3546 1484 3616 τὸ

294 3665 567 3764 παράβυστον,
592 3658 935 3733 undecimvirorum
957 3662 1052 3734 illud
1077 3663 1320 3758 disasterion,
1342 3668 1482 3765 dequo

294 3797 375 3896 ogit
399 3789 558 3870 oratoris
583 3786 705 3860 nostri
729 3786 864 3882 fragm.
891 3787 949 3861 42.

344 3919 456 4018 §142
492 3917 623 3990 καίτοι
656 3916 743 3999 τούς
777 3942 817 4012 γε
851 3920 997 4010 νόμους
1030 3919 1071 3992 οἳ
1106 3931 1257 3996 κεῖνται
1291 3931 1372 4024 περί
1405 3938 1484 4004 τῶν

298 4053 495 4140 τοιούτων,
520 4045 668 4127 πάντας
688 4043 740 4116 ἂν
762 4041 876 4136 οἶμαι
899 4049 1135 4145 ὁμολογῆσαι
1152 4051 1338 4129 κάλλιστα
1353 4062 1483 4152 νόμον

296 4184 475 4260 ἁπάντων
501 4179 656 4251 κεῖσθαι
683 4173 750 4244 καί
776 4173 982 4249 ὁσιώτατα.
1009 4179 1172 4271 ὑπάρχει
1196 4188 1272 4273 μέν
1293 4212 1335 4282 γε
1350 4189 1483 4274 αὐτοῖς

297 4307 578 4414 ἀρχαιοτάτοις
601 4297 704 4376 εἶναι
732 4302 772 4375 ἐν
797 4316 840 4396 τῇ
866 4315 912 4400 γῇ
938 4307 1074 4401 ταύτῃ,
1101 4328 1137 4399 q.
1163 4332 1191 4380 s.
1218 4308 1398 4409 Sauppi0‚
1423 4320 1481 4391 t0.

296 4449 378 4522 tom
408 4441 504 4514 hono
529 4431 744 4532 pericopen,
770 4431 869 4524 quod
893 4433 1022 4527 paucis
1045 4436 1204 4510 mutatis
1226 4438 1279 4511 VI
1300 4443 1367 4534 §2-
1381 4468 1482 4539 repe·
