3424 5320
922 469 991 548 100

361 661 581 757 ριυόμενος;
618 663 660 734 at
692 663 823 734 tamen
856 661 1002 734 nullam
1034 660 1209 734 idoneam
1242 681 1395 734 oausam
1422 661 1552 734 adesse

359 790 471 880 puto,
508 810 575 861 our
612 788 839 882 Antiphonti
877 811 963 861 eum
995 787 1227 861 Jernstedtio
1262 787 1421 881 aliisque
1456 789 1548 862 viris

360 915 480 989 doctis
512 915 610 987 hano
644 916 947 988 coniunctionem
973 915 1126 987 omnino
1152 914 1418 988 abiudioemue.
1445 913 1546 987 Nam

354 1063 440 1115 oum
465 1041 663 1135 quinquies
689 1043 736 1113 ab
762 1046 911 1116 oratore
936 1040 1142 1114 seeundum
1167 1040 1350 1114 traditam
1376 1041 1545 1115 oodioum

353 1168 551 1241 lectionem
586 1168 670 1240 illae
704 1167 909 1262 particulas
939 1168 996 1239 ita
1030 1168 1224 1261 copulatae
1249 1189 1330 1240 esee
1354 1168 1548 1257 videmus,

355 1297 440 1366 turn
475 1316 519 1367 eo
553 1294 677 1366 minus
713 1295 784 1368 hae
816 1317 858 1367 re
892 1293 1027 1366 offendi
1060 1295 1228 1386 oportet,
1259 1294 1359 1386 quod
1386 1298 1425 1366 et
1449 1292 1548 1382 alia,

354 1418 415 1492 vel
437 1419 559 1492 multo
580 1419 803 1492 insolentius
815 1420 933 1508 diota,
950 1420 997 1492 ab
1011 1420 1138 1492 attiois
1152 1419 1394 1512 scriptoribus
1407 1421 1546 1513 spreta,
1594 1525 1597 1532 Ι

354 1565 378 1614 a
403 1547 532 1618 nostro
558 1547 709 1618 oratore
733 1545 895 1617 admissa
920 1549 1090 1632 oonetat;
1116 1569 1192 1639 qua
1218 1545 1264 1618 de
1288 1567 1329 1618 re
1356 1543 1547 1632 eonferae,

353 1691 451 1763 quae
483 1669 756 1744 Herwerdenue
781 1671 918 1744 Mnem.
945 1672 1010 1744 IX.
1036 1694 1119 1765 pag.
1149 1670 1218 1743 203
1243 1693 1318 1764 seq.
1345 1670 1542 1764 oongessit.

353 1795 441 1867 Looi
473 1799 622 1883 autem,
655 1796 792 1889 quibus
825 1797 1029 1870 seeundum
1064 1797 1204 1870 oodioes
1239 1797 1310 1868 hae
1334 1795 1544 1889 particulae

353 1924 436 1994 arte
467 1922 700 1996 oonsooiatae
724 1922 831 1995 nulla
856 1946 897 1995 re
922 1923 1146 2018 interposita
1172 1926 1344 2011 exstant,
1370 1925 1459 1993 sunt
1483 1921 1544 1996 hi:

353 2048 398 2120 V.
432 2049 533 2139 519:
565 2050 668 2142 ὅμως
702 2057 879 2142 μέντοι
908 2078 958 2146 γε
984 2051 1053 2123 καὶ
1080 2052 1121 2124 ἐκ
1146 2053 1289 2123 τούτων
1315 2050 1544 2144 πειράσομαι

355 2175 524 2264 ἐμαυτὸν
558 2176 739 2250 α’ναίτιον
774 2173 973 2262 ἐπιδεῖξαι.
1007 2178 1052 2249 V.
1087 2177 1188 2268 524:
1223 2179 1396 2249 καίτοι
1423 2203 1472 2272 γε
1497 2178 1542 2248 ου

354 2300 471 2391 δήπου
517 2303 610 2394 (aod.
656 2303 711 2376 N:
752 2311 882 2378 καίτοι
921 2306 967 2378 ου’
1003 2303 1121 2394 δήπου
1159 2308 1214 2400 γε)
1252 2306 1336 2375 κατ’
1375 2303 1542 2393 ἐμαυτοῦ

354 2434 521 2521 μηνυτὴν
558 2432 725 2525 ἔπεμπον
763 2429 887 2515 εἰδώς.
926 2431 969 2503 V.
996 2431 1085 2521 §74
1112 2431 1196 2505 vide
1222 2452 1343 2524 supra.
1372 2429 1434 2504 VI.
1463 2431 1537 2520 §3²

353 2563 521 2655 ἡγουμαι
557 2563 731 2649 μέντοι
770 2586 818 2655 γε
857 2559 926 2631 καί
963 2559 1057 2650 υμῖν
1096 2567 1180 2641 τοῖς
1215 2555 1424 2639 δικασταῖς
1459 2558 1541 2653 περὶ

354 2687 489 2759 πολλου
525 2682 627 2759 εἶναι
659 2687 731 2769 τοὶς
757 2685 921 2776 φονικάς
945 2681 1060 2768 δίκας
1088 2685 1215 2780 ὀρθῶς
1241 2682 1541 2781 διαγιγνώσκειν

354 2817 444 2887 cett.
481 2814 544 2885 VI.
585 2815 662 2903 §92
697 2816 785 2888 ἐπεί
812 2817 894 2888 τοί
924 2841 972 2911 γε
1005 2815 1075 2886 καὶ
1109 2810 1237 2886 δεινὸν
1263 2801 1291 2884 ὦ
1316 2810 1462 2908 ἄνδρες.
1490 2814 1544 2886 At

352 2940 565 3013 invenimus
590 2963 636 3014 ex
661 2943 782 3015 altera
808 2945 916 3035 parte
939 2941 1144 3035 particulae
1166 2941 1295 3030 καίτοι
1317 2943 1357 3013 et
1373 2969 1413 3035 γε
1426 2940 1543 3012 etiam
1574 2935 1592 3024 J

351 3067 408 3138 ita
434 3067 481 3138 ab
507 3067 742 3162 Antiphonte
767 3069 985 3160 usurpatae,
1012 3070 1057 3138 ut
1082 3066 1286 3140 atticorum
1313 3066 1540 3160 scriptorum

352 3193 437 3264 usui
473 3197 740 3288 congruenter,
772 3193 994 3286 interposito
1019 3192 1183 3285 quodam
1209 3192 1392 3265 vocabulo
1418 3191 1541 3265 seiun-

352 3323 492 3413 gantur
526 3320 570 3393 of.
607 3320 635 3390 I.
666 3319 766 3411 511:
804 3323 975 3402 καίτοι
998 3311 1041 3393 εὖ
1062 3316 1154 3392 οἶδά
1180 3319 1231 3415 γ’,
1261 3318 1300 3392 εἰ
1318 3308 1421 3392 οὗτοι
1450 3321 1542 3416 πρὸς

353 3443 433 3537 ἐμὲ’
465 3446 644 3527 ἐλθόντες
686 3485 729 3494 -
766 3445 865 3518 αὐτὰ
901 3445 951 3516 ἂν
990 3455 1113 3518 ταῦτα
1151 3450 1319 3542 μέγιστα
1359 3453 1540 3538 τεκμήρια

354 3580 587 3666 παρείχοντο
612 3571 664 3654 ὡς
689 3570 758 3642 οὐκ
783 3571 925 3664 ἔνοχοί
939 3577 1015 3645 εἰσι
1037 3581 1089 3667 τῷ
1110 3577 1226 3669 φόνῳ.
1251 3573 1294 3646 V.
1317 3573 1417 3666 514:
1440 3577 1541 3648 καί·

354 3725 427 3772 τοι
456 3699 546 3782 τούς
570 3726 621 3794 γε
645 3701 790 3789 νόμους
815 3697 857 3771 οἳ
873 3708 1024 3772 κεῖνται
1046 3706 1125 3793 περὶ
1145 3708 1223 3772 τῶν
1244 3702 1434 3788 τοιούτων,
1449 3702 1541 3774 πάν·

355 3853 426 3910 τας
457 3826 508 3899 ἂν
545 3822 658 3916 οἶμαι
696 3827 932 3924 ὁμολογῆσαι
969 3828 1154 3901 κάλλιστα
1193 3833 1324 3919 νόμων
1361 3827 1543 3902 ἁπάντων

356 3960 514 4028 κἰἵσθαι
540 3953 608 4026 καὶ
632 3954 834 4027 ὁσιώτατα.
871 3955 913 4027 V.
947 3955 1047 4045 519:
1084 3959 1250 4030 καίτοι
1283 3955 1453 4048 χαλεπόν
1488 3985 1543 4053 γε

354 4081 403 4155 τὰ
424 4085 466 4155 ἐκ
489 4081 625 4155 πολλοῦ
646 4085 932 4171 κατεψιυυμένα
951 4082 1022 4154 καὶ
1035 4082 1403 4173 ἐπιβεβουλευκέναι,
1416 4091 1541 4158 ταῦτα

353 4224 594 4307 παραχρῆμα
627 4208 860 4306 ἀπελέγχειν.
899 4207 942 4281 V.
977 4208 1077 4299 gol:
1107 4210 1280 4281 καίτοι
1305 4210 1468 4301 xamen
1491 4240 1543 4308 γε

352 4331 399 4425 ἢν
423 4340 445 4412 ὁ
470 4338 652 4421 κίνδυνος
676 4337 802 4431 αὐτῷ.
820 4388 829 4407 .
849 4387 879 4406 ..
907 4334 991 4408 Huo
1011 4334 1169 4409 fortasse
1190 4337 1307 4410 etiam
1321 4337 1543 4431 resenipot-

353 4472 411 4538 eet
443 4466 507 4538 VI.
543 4467 651 4560 546:
678 4466 747 4540 καὶ
773 4462 891 4536 ἱκανά
907 4459 946 4560 ’γ’
967 4464 1085 4554 ¹(unde
1104 4463 1297 4538 Reiekius:
1321 4466 1542 4546 καί<τοι>
