<?xml version="1.0" encoding="UTF-8"?>
<!DOCTYPE html PUBLIC "-//W3C//DTD XHTML 1.0 Transitional//EN"
    "http://www.w3.org/TR/xhtml1/DTD/xhtml1-transitional.dtd">
<html xmlns="http://www.w3.org/1999/xhtml" xml:lang="en" lang="en">
 <head>
  <title>
</title>
<meta http-equiv="Content-Type" content="text/html;charset=utf-8" />
  <meta name='ocr-system' content='tesseract 3.04.00' />
  <meta name='ocr-capabilities' content='ocr_page ocr_carea ocr_par ocr_line ocrx_word'/>
</head>
<body>
  <div class='ocr_page' id='page_1' title='image "./analectaantipho00hemsgoog_0094.png"; bbox 0 0 3424 5320; ppageno 0'>
   <div class='ocr_carea' id='block_1_1' title="bbox 765 487 808 559">
    <p class='ocr_par' dir='ltr' id='par_1_1' title="bbox 765 487 808 559">
     <span class='ocr_line' id='line_1_1' title="bbox 765 487 808 559; baseline -0.023 0"><span class='ocrx_word' id='word_1_1' title='bbox 765 487 808 559; x_wconf 83' lang='lat'><strong><em>81</em></strong></span> 
     </span>
    </p>
   </div>
   <div class='ocr_carea' id='block_1_2' title="bbox 127 675 1413 1799">
    <p class='ocr_par' dir='ltr' id='par_1_2' title="bbox 127 675 1413 1799">
     <span class='ocr_line' id='line_1_2' title="bbox 192 675 1380 775; baseline -0.004 -22"><span class='ocrx_word' id='word_1_2' title='bbox 192 680 260 753; x_wconf 85' lang='grc' dir='ltr'><strong><em>καὶ</em></strong></span> <span class='ocrx_word' id='word_1_3' title='bbox 293 678 473 771; x_wconf 75' lang='grc' dir='ltr'><strong><em>βεβαιῶν</em></strong></span> <span class='ocrx_word' id='word_1_4' title='bbox 507 676 595 760; x_wconf 83' lang='grc' dir='ltr'><strong><em>τοός</em></strong></span> <span class='ocrx_word' id='word_1_5' title='bbox 620 678 788 773; x_wconf 79' lang='grc' dir='ltr'><strong><em>πρώτους</em></strong></span> <span class='ocrx_word' id='word_1_6' title='bbox 814 677 950 775; x_wconf 77' lang='grc' dir='ltr'><em>λόγους</em></span> <span class='ocrx_word' id='word_1_7' title='bbox 978 679 1030 761; x_wconf 84' lang='grc' dir='ltr'><strong><em>ὡς</em></strong></span> <span class='ocrx_word' id='word_1_8' title='bbox 1055 675 1211 766; x_wconf 81' lang='grc' dir='ltr'><strong><em>ἀληθεῖς</em></strong></span> <span class='ocrx_word' id='word_1_9' title='bbox 1235 676 1380 772; x_wconf 86' lang='grc' dir='ltr'><strong><em>εἰρημέ-</em></strong></span> 
     </span>
     <span class='ocr_line' id='line_1_3' title="bbox 191 805 1382 904; baseline -0.006 -23"><span class='ocrx_word' id='word_1_10' title='bbox 191 832 291 891; x_wconf 86' lang='grc' dir='ltr'><strong><em>νους.</em></strong></span> <span class='ocrx_word' id='word_1_11' title='bbox 326 807 439 879; x_wconf 87' lang='lat' dir='ltr'>Vides</span> <span class='ocrx_word' id='word_1_12' title='bbox 474 807 595 900; x_wconf 90' lang='lat' dir='ltr'>primo</span> <span class='ocrx_word' id='word_1_13' title='bbox 630 806 827 899; x_wconf 74' lang='lat' dir='ltr'>adspectu,</span> <span class='ocrx_word' id='word_1_14' title='bbox 864 829 1022 904; x_wconf 88' lang='lat' dir='ltr'>pravam</span> <span class='ocrx_word' id='word_1_15' title='bbox 1057 829 1136 878; x_wconf 81' lang='lat' dir='ltr'>esse</span> <span class='ocrx_word' id='word_1_16' title='bbox 1168 805 1264 876; x_wconf 88' lang='lat' dir='ltr'><strong><em>hano</em></strong></span> <span class='ocrx_word' id='word_1_17' title='bbox 1297 825 1382 876; x_wconf 88' lang='lat' dir='ltr'><strong><em>oon·</em></strong></span> 
     </span>
     <span class='ocr_line' id='line_1_4' title="bbox 190 933 1384 1030; baseline -0.002 -23"><span class='ocrx_word' id='word_1_18' title='bbox 190 935 442 1022; x_wconf 81' lang='lat' dir='ltr'>iunoiionem,</span> <span class='ocrx_word' id='word_1_19' title='bbox 479 956 748 1030; x_wconf 82' lang='lat' dir='ltr'>perperamque</span> <span class='ocrx_word' id='word_1_20' title='bbox 788 933 884 1006; x_wconf 83' lang='lat' dir='ltr'>adici</span> <span class='ocrx_word' id='word_1_21' title='bbox 922 935 1053 1008; x_wconf 84' lang='lat' dir='ltr'>verba:</span> <span class='ocrx_word' id='word_1_22' title='bbox 1093 934 1163 1005; x_wconf 83' lang='grc' dir='ltr'><strong><em>καὶ</em></strong></span> <span class='ocrx_word' id='word_1_23' title='bbox 1201 933 1384 1025; x_wconf 78' lang='grc' dir='ltr'><strong><em>βεβαιῶν</em></strong></span> 
     </span>
     <span class='ocr_line' id='line_1_5' title="bbox 193 1060 1384 1158; baseline -0.002 -24"><span class='ocrx_word' id='word_1_24' title='bbox 193 1088 228 1158; x_wconf 89' lang='lat' dir='ltr'><strong><em>q.</em></strong></span> <span class='ocrx_word' id='word_1_25' title='bbox 255 1086 296 1152; x_wconf 77' lang='lat' dir='ltr'><strong><em>a,</em></strong></span> <span class='ocrx_word' id='word_1_26' title='bbox 333 1083 429 1154; x_wconf 88' lang='lat' dir='ltr'>quae</span> <span class='ocrx_word' id='word_1_27' title='bbox 455 1061 586 1155; x_wconf 74' lang='lat' dir='ltr'>utique</span> <span class='ocrx_word' id='word_1_28' title='bbox 611 1061 784 1155; x_wconf 87' lang='lat' dir='ltr'>ponenda</span> <span class='ocrx_word' id='word_1_29' title='bbox 809 1060 964 1134; x_wconf 69' lang='lat' dir='ltr'>fuerant</span> <span class='ocrx_word' id='word_1_30' title='bbox 988 1064 1078 1135; x_wconf 74' lang='lat' dir='ltr'>anie</span> <span class='ocrx_word' id='word_1_31' title='bbox 1104 1061 1384 1134; x_wconf 84' lang='grc' dir='ltr'><strong><em>τὸτελευταῖον</em></strong></span> 
     </span>
     <span class='ocr_line' id='line_1_6' title="bbox 194 1188 1383 1287; baseline -0.003 -23"><span class='ocrx_word' id='word_1_32' title='bbox 194 1191 404 1287; x_wconf 79' lang='grc' dir='ltr'><strong><em>ἀπώμωξεν</em></strong></span> <span class='ocrx_word' id='word_1_33' title='bbox 433 1192 520 1262; x_wconf 78' lang='lat' dir='ltr'>oeli.</span> <span class='ocrx_word' id='word_1_34' title='bbox 557 1188 653 1274; x_wconf 80' lang='lat' dir='ltr'>Quid</span> <span class='ocrx_word' id='word_1_35' title='bbox 687 1189 833 1261; x_wconf 78' lang='lat' dir='ltr'>mulia‘l</span> <span class='ocrx_word' id='word_1_36' title='bbox 860 1188 994 1263; x_wconf 88' lang='lat' dir='ltr'>Nonne</span> <span class='ocrx_word' id='word_1_37' title='bbox 1020 1189 1165 1263; x_wconf 84' lang='lat' dir='ltr'>dnobus</span> <span class='ocrx_word' id='word_1_38' title='bbox 1190 1189 1294 1263; x_wconf 74' lang='lat' dir='ltr'>viliis</span> <span class='ocrx_word' id='word_1_39' title='bbox 1320 1189 1383 1260; x_wconf 88' lang='lat' dir='ltr'><strong><em>ad-</em></strong></span> 
     </span>
     <span class='ocr_line' id='line_1_7' title="bbox 194 1316 1385 1412; baseline -0.002 -22"><span class='ocrx_word' id='word_1_40' title='bbox 194 1318 313 1392; x_wconf 88' lang='lat' dir='ltr'>hiberi</span> <span class='ocrx_word' id='word_1_41' title='bbox 346 1319 471 1412; x_wconf 74' lang='lat' dir='ltr'>polest</span> <span class='ocrx_word' id='word_1_42' title='bbox 496 1339 573 1388; x_wconf 92' lang='lat' dir='ltr'><strong><em>una</em></strong></span> <span class='ocrx_word' id='word_1_43' title='bbox 599 1316 809 1390; x_wconf 81' lang='lat' dir='ltr'>eommunis</span> <span class='ocrx_word' id='word_1_44' title='bbox 833 1316 1041 1390; x_wconf 79' lang='lat' dir='ltr'>medicinal</span> <span class='ocrx_word' id='word_1_45' title='bbox 1081 1316 1201 1390; x_wconf 78' lang='lat' dir='ltr'><strong><em>Conor</em></strong></span> <span class='ocrx_word' id='word_1_46' title='bbox 1228 1316 1385 1405; x_wconf 80' lang='lat' dir='ltr'>saltem,</span> 
     </span>
     <span class='ocr_line' id='line_1_8' title="bbox 194 1441 1383 1539; baseline -0.003 -20"><span class='ocrx_word' id='word_1_47' title='bbox 194 1469 279 1520; x_wconf 86' lang='lat' dir='ltr'><strong><em>oum</em></strong></span> <span class='ocrx_word' id='word_1_48' title='bbox 312 1446 512 1539; x_wconf 86' lang='lat' dir='ltr'>legendum</span> <span class='ocrx_word' id='word_1_49' title='bbox 545 1464 729 1538; x_wconf 86' lang='lat' dir='ltr'>propono:</span> <span class='ocrx_word' id='word_1_50' title='bbox 763 1441 887 1534; x_wconf 84' lang='grc' dir='ltr'><strong><em>ἐπειδὴ</em></strong></span> <span class='ocrx_word' id='word_1_51' title='bbox 921 1441 963 1530; x_wconf 80' lang='grc' dir='ltr'><strong><em>δὲ</em></strong></span> <span class='ocrx_word' id='word_1_52' title='bbox 996 1445 1189 1518; x_wconf 81' lang='grc' dir='ltr'><strong><em>εἰιαόσατο</em></strong></span> <span class='ocrx_word' id='word_1_53' title='bbox 1214 1445 1383 1538; x_wconf 78' lang='grc' dir='ltr'><strong><em>βασανι·</em></strong></span> 
     </span>
     <span class='ocr_line' id='line_1_9' title="bbox 127 1571 1413 1676; baseline -0.003 -28"><span class='ocrx_word' id='word_1_54' title='bbox 127 1671 130 1676; x_wconf 15' lang='grc' dir='ltr'><strong>Δ</strong></span> <span class='ocrx_word' id='word_1_55' title='bbox 194 1579 371 1667; x_wconf 85' lang='grc' dir='ltr'><strong><em>ζόμενος,</em></strong></span> <span class='ocrx_word' id='word_1_56' title='bbox 403 1574 531 1647; x_wconf 84' lang='grc' dir='ltr'><strong><em>ου’κέτι</em></strong></span> <span class='ocrx_word' id='word_1_57' title='bbox 567 1573 638 1664; x_wconf 81' lang='grc' dir='ltr'><strong><em>ἔφη</em></strong></span> <span class='ocrx_word' id='word_1_58' title='bbox 663 1600 711 1663; x_wconf 88' lang='grc' dir='ltr'><strong><em>με</em></strong></span> <span class='ocrx_word' id='word_1_59' title='bbox 737 1575 879 1647; x_wconf 78' lang='grc' dir='ltr'><strong><em>τούτων</em></strong></span> <span class='ocrx_word' id='word_1_60' title='bbox 904 1572 1114 1670; x_wconf 75' lang='grc' dir='ltr'><em>εἰργάσθαι</em></span> <span class='ocrx_word' id='word_1_61' title='bbox 1141 1571 1273 1660; x_wconf 72' lang='grc' dir='ltr'><strong><em>οὐδέν,</em></strong></span> <span class='ocrx_word' id='word_1_62' title='bbox 1301 1571 1382 1646; x_wconf 85' lang='grc' dir='ltr'><strong><em>ἀλλ’</em></strong></span> <span class='ocrx_word' id='word_1_63' title='bbox 1410 1669 1413 1672; x_wconf 11' lang='grc' dir='ltr'>ι</span> 
     </span>
     <span class='ocr_line' id='line_1_10' title="bbox 196 1700 1385 1799; baseline -0.001 -23"><span class='ocrx_word' id='word_1_64' title='bbox 196 1705 410 1798; x_wconf 79' lang='grc' dir='ltr'><em>ἐβεβαίωσε</em></span> <span class='ocrx_word' id='word_1_65' title='bbox 436 1701 522 1785; x_wconf 77' lang='grc' dir='ltr'><strong><em>τοὺς</em></strong></span> <span class='ocrx_word' id='word_1_66' title='bbox 550 1702 721 1796; x_wconf 81' lang='grc' dir='ltr'><strong><em>πρώτους</em></strong></span> <span class='ocrx_word' id='word_1_67' title='bbox 744 1701 880 1799; x_wconf 79' lang='grc' dir='ltr'><strong><em>λόγους</em></strong></span> <span class='ocrx_word' id='word_1_68' title='bbox 902 1704 953 1785; x_wconf 84' lang='grc' dir='ltr'><strong><em>ὡς</em></strong></span> <span class='ocrx_word' id='word_1_69' title='bbox 976 1700 1131 1791; x_wconf 73' lang='grc' dir='ltr'><strong><em>ἀληθεῖς</em></strong></span> <span class='ocrx_word' id='word_1_70' title='bbox 1143 1703 1385 1799; x_wconf 81' lang='grc' dir='ltr'><strong><em>εἰρημένους,</em></strong></span> 
     </span>
    </p>
   </div>
   <div class='ocr_carea' id='block_1_3' title="bbox 195 1827 1387 1924">
    <p class='ocr_par' dir='ltr' id='par_1_3' title="bbox 195 1827 1387 1924">
     <span class='ocr_line' id='line_1_11' title="bbox 195 1827 1387 1924; baseline -0.004 -20"><span class='ocrx_word' id='word_1_71' title='bbox 195 1833 265 1905; x_wconf 78' lang='grc' dir='ltr'><strong><em>καὶ</em></strong></span> <span class='ocrx_word' id='word_1_72' title='bbox 290 1833 334 1903; x_wconf 90' lang='grc' dir='ltr'><strong><em>τὸ</em></strong></span> <span class='ocrx_word' id='word_1_73' title='bbox 358 1832 569 1904; x_wconf 83' lang='grc' dir='ltr'><strong><em>τελευταῖον</em></strong></span> <span class='ocrx_word' id='word_1_74' title='bbox 596 1827 801 1924; x_wconf 82' lang='grc' dir='ltr'><strong><em>ἀπῴμωξεν</em></strong></span> <span class='ocrx_word' id='word_1_75' title='bbox 829 1833 900 1922; x_wconf 83' lang='grc' dir='ltr'><strong><em>ἐμέ</em></strong></span> <span class='ocrx_word' id='word_1_76' title='bbox 924 1860 962 1903; x_wconf 87' lang='grc' dir='ltr'><strong><em>τε</em></strong></span> <span class='ocrx_word' id='word_1_77' title='bbox 989 1832 1056 1903; x_wconf 78' lang='grc' dir='ltr'><strong><em>καὶ</em></strong></span> <span class='ocrx_word' id='word_1_78' title='bbox 1084 1833 1204 1905; x_wconf 83' lang='grc' dir='ltr'><strong><em>αὑτὸν</em></strong></span> <span class='ocrx_word' id='word_1_79' title='bbox 1231 1833 1282 1916; x_wconf 89' lang='grc' dir='ltr'><strong><em>ὡς</em></strong></span> <span class='ocrx_word' id='word_1_80' title='bbox 1306 1828 1387 1902; x_wconf 78' lang='grc' dir='ltr'><strong><em>ἀδί-</em></strong></span> 
     </span>
    </p>
   </div>
   <div class='ocr_carea' id='block_1_4' title="bbox 196 1947 1397 4476">
    <p class='ocr_par' dir='ltr' id='par_1_4' title="bbox 196 1947 1387 2442">
     <span class='ocr_line' id='line_1_12' title="bbox 196 1947 1387 2058; baseline 0.001 -27"><span class='ocrx_word' id='word_1_81' title='bbox 196 1986 273 2043; x_wconf 85' lang='grc' dir='ltr'><strong><em>κως</em></strong></span> <span class='ocrx_word' id='word_1_82' title='bbox 307 1959 608 2054; x_wconf 72' lang='grc' dir='ltr'><strong><em>ἀπολλυμένους,</em></strong></span> <span class='ocrx_word' id='word_1_83' title='bbox 641 1959 687 2030; x_wconf 78' lang='grc' dir='ltr'><strong><em>ου’</em></strong></span> <span class='ocrx_word' id='word_1_84' title='bbox 711 1959 846 2054; x_wconf 78' lang='grc' dir='ltr'><strong><em>χάριτι</em></strong></span> <span class='ocrx_word' id='word_1_85' title='bbox 873 1967 914 2051; x_wconf 77' lang='grc' dir='ltr'><strong><em>τῇ</em></strong></span> <span class='ocrx_word' id='word_1_86' title='bbox 942 1961 1010 2052; x_wconf 80' lang='grc' dir='ltr'><strong><em>ἐμῇ</em></strong></span> <span class='ocrx_word' id='word_1_87' title='bbox 1040 2002 1082 2012; x_wconf 82' lang='lat'><strong><em>—-</em></strong></span> <span class='ocrx_word' id='word_1_88' title='bbox 1110 1967 1190 2045; x_wconf 88' lang='grc' dir='ltr'><strong><em>πώς</em></strong></span> <span class='ocrx_word' id='word_1_89' title='bbox 1215 1961 1315 2058; x_wconf 86' lang='grc' dir='ltr'><strong><em>γάρ,·</em></strong></span> <span class='ocrx_word' id='word_1_90' title='bbox 1343 1947 1387 2032; x_wconf 83' lang='grc' dir='ltr'><strong><em>οὗ</em></strong></span> 
     </span>
     <span class='ocr_line' id='line_1_13' title="bbox 197 2084 1385 2184; baseline -0.003 -24"><span class='ocrx_word' id='word_1_91' title='bbox 197 2117 237 2184; x_wconf 89' lang='grc' dir='ltr'><strong><em>γε</em></strong></span> <span class='ocrx_word' id='word_1_92' title='bbox 269 2089 524 2178; x_wconf 74' lang='grc' dir='ltr'><strong><em>κατεψεύσατο</em></strong></span> <span class='ocrx_word' id='word_1_93' title='bbox 563 2130 631 2175; x_wconf 89' lang='grc'><strong><em>-,</em></strong></span> <span class='ocrx_word' id='word_1_94' title='bbox 658 2084 735 2157; x_wconf 83' lang='grc' dir='ltr'><strong><em>ἀλλ’</em></strong></span> <span class='ocrx_word' id='word_1_95' title='bbox 764 2086 1086 2184; x_wconf 73' lang='grc' dir='ltr'><strong><em>ἀναγκαζόμενος</em></strong></span> <span class='ocrx_word' id='word_1_96' title='bbox 1112 2091 1184 2162; x_wconf 82' lang='grc' dir='ltr'><strong><em>ὑπὸ</em></strong></span> <span class='ocrx_word' id='word_1_97' title='bbox 1209 2096 1275 2162; x_wconf 82' lang='grc' dir='ltr'><strong><em>τοῦ</em></strong></span> <span class='ocrx_word' id='word_1_98' title='bbox 1301 2088 1385 2175; x_wconf 83' lang='grc' dir='ltr'><strong><em>ἀλη-</em></strong></span> 
     </span>
     <span class='ocr_line' id='line_1_14' title="bbox 198 2207 1387 2314; baseline 0.001 -26"><span class='ocrx_word' id='word_1_99' title='bbox 198 2223 307 2300; x_wconf 78' lang='grc' dir='ltr'><strong><em>θοῦς.</em></strong></span> <span class='ocrx_word' id='word_1_100' title='bbox 343 2216 397 2289; x_wconf 86' lang='lat' dir='ltr'><strong><em>De</em></strong></span> <span class='ocrx_word' id='word_1_101' title='bbox 432 2216 503 2289; x_wconf 83' lang='lat' dir='ltr'><strong><em>hae</em></strong></span> <span class='ocrx_word' id='word_1_102' title='bbox 532 2213 656 2286; x_wconf 76' lang='lat' dir='ltr'>altera</span> <span class='ocrx_word' id='word_1_103' title='bbox 681 2215 897 2288; x_wconf 79' lang='lat' dir='ltr'><strong><em>oonieoiura</em></strong></span> <span class='ocrx_word' id='word_1_104' title='bbox 921 2207 964 2289; x_wconf 81' lang='grc' dir='ltr'><strong><em>οὗ</em></strong></span> <span class='ocrx_word' id='word_1_105' title='bbox 990 2243 1029 2314; x_wconf 88' lang='grc' dir='ltr'><strong><em>γε</em></strong></span> <span class='ocrx_word' id='word_1_106' title='bbox 1054 2239 1121 2312; x_wconf 93' lang='lat' dir='ltr'><strong><em>pro</em></strong></span> <span class='ocrx_word' id='word_1_107' title='bbox 1147 2217 1317 2290; x_wconf 80' lang='lat' dir='ltr'>codicum</span> <span class='ocrx_word' id='word_1_108' title='bbox 1343 2216 1387 2299; x_wconf 86' lang='grc' dir='ltr'><strong><em>ὅς</em></strong></span> 
     </span>
     <span class='ocr_line' id='line_1_15' title="bbox 198 2342 912 2442; baseline -0.003 -25"><span class='ocrx_word' id='word_1_109' title='bbox 198 2371 237 2442; x_wconf 88' lang='grc' dir='ltr'><strong><em>γε</em></strong></span> <span class='ocrx_word' id='word_1_110' title='bbox 263 2344 437 2416; x_wconf 75' lang='lat' dir='ltr'>videatur</span> <span class='ocrx_word' id='word_1_111' title='bbox 462 2343 718 2415; x_wconf 83' lang='lat' dir='ltr'>Bohlmannus</span> <span class='ocrx_word' id='word_1_112' title='bbox 743 2367 828 2438; x_wconf 86' lang='lat' dir='ltr'>pag.</span> <span class='ocrx_word' id='word_1_113' title='bbox 856 2342 912 2416; x_wconf 81' lang='lat'><strong><em>24.</em></strong></span> 
     </span>
    </p>

    <p class='ocr_par' dir='ltr' id='par_1_5' title="bbox 197 2461 1392 3201">
     <span class='ocr_line' id='line_1_16' title="bbox 247 2461 1387 2546; baseline 0.001 -3"><span class='ocrx_word' id='word_1_114' title='bbox 247 2472 350 2545; x_wconf 78' lang='lat' dir='ltr'>Lioei</span> <span class='ocrx_word' id='word_1_115' title='bbox 384 2473 513 2544; x_wconf 73' lang='lat' dir='ltr'>terius</span> <span class='ocrx_word' id='word_1_116' title='bbox 546 2471 616 2543; x_wconf 89' lang='lat' dir='ltr'><strong><em>hoo</em></strong></span> <span class='ocrx_word' id='word_1_117' title='bbox 651 2461 761 2543; x_wconf 89' lang='lat' dir='ltr'>modo</span> <span class='ocrx_word' id='word_1_118' title='bbox 794 2471 886 2543; x_wconf 72' lang='lat' dir='ltr'>salis</span> <span class='ocrx_word' id='word_1_119' title='bbox 919 2476 1019 2546; x_wconf 77' lang='lat' dir='ltr'>reoie</span> <span class='ocrx_word' id='word_1_120' title='bbox 1052 2473 1282 2546; x_wconf 69' lang='lat' dir='ltr'><strong><em>constitutus</em></strong></span> <span class='ocrx_word' id='word_1_121' title='bbox 1310 2493 1387 2545; x_wconf 84' lang='lat' dir='ltr'>esse</span> 
     </span>
     <span class='ocr_line' id='line_1_17' title="bbox 197 2597 1392 2693; baseline -0.007 -17"><span class='ocrx_word' id='word_1_122' title='bbox 197 2599 315 2676; x_wconf 86' lang='lat' dir='ltr'>videri</span> <span class='ocrx_word' id='word_1_123' title='bbox 339 2597 476 2693; x_wconf 75' lang='lat' dir='ltr'><strong><em>possit,</em></strong></span> <span class='ocrx_word' id='word_1_124' title='bbox 503 2599 651 2687; x_wconf 76' lang='lat' dir='ltr'>lamen,</span> <span class='ocrx_word' id='word_1_125' title='bbox 675 2640 720 2650; x_wconf 91' lang='lat'>-</span> <span class='ocrx_word' id='word_1_126' title='bbox 743 2598 834 2691; x_wconf 90' lang='lat' dir='ltr'>quid</span> <span class='ocrx_word' id='word_1_127' title='bbox 854 2598 1032 2692; x_wconf 76' lang='lat' dir='ltr'>impedit,</span> <span class='ocrx_word' id='word_1_128' title='bbox 1052 2599 1253 2693; x_wconf 86' lang='lat' dir='ltr'>quominus</span> <span class='ocrx_word' id='word_1_129' title='bbox 1266 2598 1334 2669; x_wconf 91' lang='lat' dir='ltr'>illa</span> <span class='ocrx_word' id='word_1_130' title='bbox 1347 2599 1392 2669; x_wconf 89' lang='grc' dir='ltr'><strong><em>τὸ</em></strong></span> 
     </span>
     <span class='ocr_line' id='line_1_18' title="bbox 197 2725 1391 2822; baseline -0.003 -21"><span class='ocrx_word' id='word_1_131' title='bbox 197 2725 239 2801; x_wconf 81' lang='grc' dir='ltr'><strong><em>δὲ</em></strong></span> <span class='ocrx_word' id='word_1_132' title='bbox 272 2727 504 2814; x_wconf 84' lang='grc' dir='ltr'><strong><em>τελευταῖον,</em></strong></span> <span class='ocrx_word' id='word_1_133' title='bbox 532 2748 609 2798; x_wconf 94' lang='lat' dir='ltr'><strong><em>non</em></strong></span> <span class='ocrx_word' id='word_1_134' title='bbox 635 2725 748 2797; x_wconf 85' lang='lat' dir='ltr'>nimis</span> <span class='ocrx_word' id='word_1_135' title='bbox 775 2725 961 2819; x_wconf 83' lang='lat' dir='ltr'>urgenda,</span> <span class='ocrx_word' id='word_1_136' title='bbox 986 2726 1043 2797; x_wconf 76' lang='lat' dir='ltr'><strong><em>iia</em></strong></span> <span class='ocrx_word' id='word_1_137' title='bbox 1068 2748 1152 2799; x_wconf 90' lang='lat' dir='ltr'><strong><em>oum</em></strong></span> <span class='ocrx_word' id='word_1_138' title='bbox 1183 2725 1391 2822; x_wconf 79' lang='grc' dir='ltr'><strong><em>ἀπῴμωξεν</em></strong></span> 
     </span>
     <span class='ocr_line' id='line_1_19' title="bbox 198 2852 1392 2948; baseline -0.003 -18"><span class='ocrx_word' id='word_1_139' title='bbox 198 2857 489 2948; x_wconf 74' lang='lat' dir='ltr'>coniungamuS,</span> <span class='ocrx_word' id='word_1_140' title='bbox 513 2856 567 2924; x_wconf 78' lang='lat' dir='ltr'><strong><em>ut·</em></strong></span> <span class='ocrx_word' id='word_1_141' title='bbox 582 2855 794 2925; x_wconf 72' lang='lat' dir='ltr'>vertamus:</span> <span class='ocrx_word' id='word_1_142' title='bbox 819 2852 944 2925; x_wconf 71' lang='lat' dir='ltr'>finivit</span> <span class='ocrx_word' id='word_1_143' title='bbox 969 2853 1179 2927; x_wconf 84' lang='lat' dir='ltr'>miserando</span> <span class='ocrx_word' id='word_1_144' title='bbox 1204 2875 1266 2926; x_wconf 92' lang='lat' dir='ltr'><strong><em>me</em></strong></span> <span class='ocrx_word' id='word_1_145' title='bbox 1292 2858 1332 2927; x_wconf 77' lang='lat' dir='ltr'><strong><em>et</em></strong></span> <span class='ocrx_word' id='word_1_146' title='bbox 1353 2877 1392 2926; x_wconf 84' lang='lat' dir='ltr'><strong><em>se</em></strong></span> 
     </span>
     <span class='ocr_line' id='line_1_20' title="bbox 200 2977 1391 3076; baseline -0.003 -21"><span class='ocrx_word' id='word_1_147' title='bbox 200 2984 323 3076; x_wconf 87' lang='lat' dir='ltr'>ipsum</span> <span class='ocrx_word' id='word_1_148' title='bbox 355 2980 508 3074; x_wconf 68' lang='lat' dir='ltr'>pariter.</span> <span class='ocrx_word' id='word_1_149' title='bbox 544 2977 615 3051; x_wconf 83' lang='lat' dir='ltr'><strong><em>Sed</em></strong></span> <span class='ocrx_word' id='word_1_150' title='bbox 641 2980 681 3051; x_wconf 79' lang='lat' dir='ltr'><strong><em>et</em></strong></span> <span class='ocrx_word' id='word_1_151' title='bbox 705 2978 746 3050; x_wconf 91' lang='lat' dir='ltr'><strong><em>in</em></strong></span> <span class='ocrx_word' id='word_1_152' title='bbox 770 2979 841 3052; x_wconf 83' lang='lat' dir='ltr'><strong><em>hae</em></strong></span> <span class='ocrx_word' id='word_1_153' title='bbox 867 2979 1115 3072; x_wconf 74' lang='lat' dir='ltr'>explicatione</span> <span class='ocrx_word' id='word_1_154' title='bbox 1141 2985 1312 3054; x_wconf 74' lang='lat' dir='ltr'>remanet</span> <span class='ocrx_word' id='word_1_155' title='bbox 1337 2983 1391 3052; x_wconf 95' lang='lat' dir='ltr'><strong><em>al·</em></strong></span> 
     </span>
     <span class='ocr_line' id='line_1_21' title="bbox 199 3104 1167 3201; baseline -0.002 -19"><span class='ocrx_word' id='word_1_156' title='bbox 199 3113 284 3182; x_wconf 73' lang='lat' dir='ltr'>tera</span> <span class='ocrx_word' id='word_1_157' title='bbox 309 3107 509 3179; x_wconf 79' lang='lat' dir='ltr'>difficultas</span> <span class='ocrx_word' id='word_1_158' title='bbox 534 3105 575 3176; x_wconf 91' lang='lat' dir='ltr'><strong><em>in</em></strong></span> <span class='ocrx_word' id='word_1_159' title='bbox 600 3104 803 3199; x_wconf 78' lang='lat' dir='ltr'>Pariioipio</span> <span class='ocrx_word' id='word_1_160' title='bbox 829 3106 1011 3198; x_wconf 73' lang='grc' dir='ltr'><strong><em>βεβαιῶν</em></strong></span> <span class='ocrx_word' id='word_1_161' title='bbox 1035 3107 1167 3201; x_wconf 76' lang='lat' dir='ltr'>posita.</span> 
     </span>
    </p>

    <p class='ocr_par' dir='ltr' id='par_1_6' title="bbox 199 3233 1397 4476">
     <span class='ocr_line' id='line_1_22' title="bbox 247 3233 1390 3334; baseline 0.003 -28"><span class='ocrx_word' id='word_1_162' title='bbox 247 3235 340 3327; x_wconf 62' lang='lat'><strong><em>§42</em></strong></span> <span class='ocrx_word' id='word_1_163' title='bbox 376 3236 502 3307; x_wconf 81' lang='grc' dir='ltr'><strong><em>ἔπειτα</em></strong></span> <span class='ocrx_word' id='word_1_164' title='bbox 536 3233 577 3306; x_wconf 83' lang='grc' dir='ltr'><strong><em>δὲ</em></strong></span> <span class='ocrx_word' id='word_1_165' title='bbox 613 3235 634 3307; x_wconf 90' lang='grc' dir='ltr'>ὁ</span> <span class='ocrx_word' id='word_1_166' title='bbox 668 3239 792 3330; x_wconf 80' lang='grc' dir='ltr'><strong><em>ἕτερος</em></strong></span> <span class='ocrx_word' id='word_1_167' title='bbox 827 3233 1051 3333; x_wconf 78' lang='grc' dir='ltr'><strong><em>ἄνθρωπος,</em></strong></span> <span class='ocrx_word' id='word_1_168' title='bbox 1087 3237 1109 3310; x_wconf 88' lang='grc' dir='ltr'><strong>ὁ</strong></span> <span class='ocrx_word' id='word_1_169' title='bbox 1143 3237 1261 3334; x_wconf 78' lang='grc' dir='ltr'><strong><em>ἐντῷ</em></strong></span> <span class='ocrx_word' id='word_1_170' title='bbox 1288 3238 1390 3334; x_wconf 72' lang='grc' dir='ltr'><strong><em>αὐτῷ</em></strong></span> 
     </span>
     <span class='ocr_line' id='line_1_23' title="bbox 199 3361 1392 3462; baseline -0.001 -23"><span class='ocrx_word' id='word_1_171' title='bbox 199 3367 315 3462; x_wconf 87' lang='grc' dir='ltr'><strong><em>πλοίῳ</em></strong></span> <span class='ocrx_word' id='word_1_172' title='bbox 340 3366 461 3438; x_wconf 84' lang='grc' dir='ltr'><strong><em>πλέον</em></strong></span> <span class='ocrx_word' id='word_1_173' title='bbox 488 3365 556 3438; x_wconf 84' lang='grc' dir='ltr'><strong><em>καὶ</em></strong></span> <span class='ocrx_word' id='word_1_174' title='bbox 582 3362 714 3460; x_wconf 87' lang='grc' dir='ltr'><strong><em>παρὼν</em></strong></span> <span class='ocrx_word' id='word_1_175' title='bbox 740 3361 809 3436; x_wconf 84' lang='grc' dir='ltr'><strong><em>διά</em></strong></span> <span class='ocrx_word' id='word_1_176' title='bbox 835 3365 967 3448; x_wconf 80' lang='grc' dir='ltr'><strong><em>τέλους</em></strong></span> <span class='ocrx_word' id='word_1_177' title='bbox 992 3364 1060 3437; x_wconf 80' lang='grc' dir='ltr'><strong><em>καὶ</em></strong></span> <span class='ocrx_word' id='word_1_178' title='bbox 1087 3367 1221 3454; x_wconf 88' lang='grc' dir='ltr'><strong><em>συνών1</em></strong></span> <span class='ocrx_word' id='word_1_179' title='bbox 1237 3393 1326 3457; x_wconf 89' lang='grc' dir='ltr'><strong><em>μοι,</em></strong></span> <span class='ocrx_word' id='word_1_180' title='bbox 1349 3376 1392 3460; x_wconf 79' lang='grc' dir='ltr'><strong><em>τῇ</em></strong></span> 
     </span>
     <span class='ocr_line' id='line_1_24' title="bbox 201 3493 1395 3591; baseline 0.001 -23"><span class='ocrx_word' id='word_1_181' title='bbox 201 3497 293 3586; x_wconf 73' lang='grc' dir='ltr'><strong><em>αὐτῇ</em></strong></span> <span class='ocrx_word' id='word_1_182' title='bbox 337 3493 502 3588; x_wconf 81' lang='grc' dir='ltr'><strong><em>βασάνῳ</em></strong></span> <span class='ocrx_word' id='word_1_183' title='bbox 543 3495 862 3585; x_wconf 77' lang='grc' dir='ltr'><strong><em>βασανιζόμενος</em></strong></span> <span class='ocrx_word' id='word_1_184' title='bbox 905 3504 988 3578; x_wconf 86' lang='grc' dir='ltr'><strong><em>τοῖς</em></strong></span> <span class='ocrx_word' id='word_1_185' title='bbox 1023 3493 1097 3586; x_wconf 87' lang='grc' dir='ltr'><strong><em>μὲν</em></strong></span> <span class='ocrx_word' id='word_1_186' title='bbox 1131 3497 1292 3591; x_wconf 86' lang='grc' dir='ltr'><strong><em>πρώτοις</em></strong></span> <span class='ocrx_word' id='word_1_187' title='bbox 1326 3497 1395 3569; x_wconf 82' lang='grc' dir='ltr'><strong><em>καὶ</em></strong></span> 
     </span>
     <span class='ocr_line' id='line_1_25' title="bbox 201 3621 1396 3721; baseline 0.003 -28"><span class='ocrx_word' id='word_1_188' title='bbox 201 3632 283 3704; x_wconf 83' lang='grc' dir='ltr'><strong><em>τοῖς</em></strong></span> <span class='ocrx_word' id='word_1_189' title='bbox 315 3624 472 3716; x_wconf 81' lang='grc' dir='ltr'><strong><em>ὕστερον</em></strong></span> <span class='ocrx_word' id='word_1_190' title='bbox 504 3621 601 3713; x_wconf 80' lang='lat' dir='ltr'>(lege</span> <span class='ocrx_word' id='word_1_191' title='bbox 635 3644 722 3693; x_wconf 87' lang='lat' dir='ltr'><strong><em>oum</em></strong></span> <span class='ocrx_word' id='word_1_192' title='bbox 757 3622 1007 3696; x_wconf 86' lang='lat' dir='ltr'>Herwerdeno</span> <span class='ocrx_word' id='word_1_193' title='bbox 1041 3624 1237 3715; x_wconf 81' lang='grc' dir='ltr'><strong><em>ὑστάτοις)</em></strong></span> <span class='ocrx_word' id='word_1_194' title='bbox 1263 3625 1396 3721; x_wconf 79' lang='grc' dir='ltr'><strong><em>λόγοις</em></strong></span> 
     </span>
     <span class='ocr_line' id='line_1_26' title="bbox 200 3749 1397 3848; baseline 0.001 -26"><span class='ocrx_word' id='word_1_195' title='bbox 200 3762 283 3834; x_wconf 86' lang='grc' dir='ltr'><strong><em>τοῖς</em></strong></span> <span class='ocrx_word' id='word_1_196' title='bbox 309 3757 375 3823; x_wconf 82' lang='grc' dir='ltr'><strong><em>τοῦ</em></strong></span> <span class='ocrx_word' id='word_1_197' title='bbox 402 3749 607 3840; x_wconf 84' lang='grc' dir='ltr'><strong><em>ἀνθρώπου</em></strong></span> <span class='ocrx_word' id='word_1_198' title='bbox 634 3754 858 3845; x_wconf 76' lang='grc' dir='ltr'><strong><em>συνεφέρετο</em></strong></span> <span class='ocrx_word' id='word_1_199' title='bbox 885 3750 936 3833; x_wconf 88' lang='grc' dir='ltr'><strong><em>ὡς</em></strong></span> <span class='ocrx_word' id='word_1_200' title='bbox 962 3750 1150 3840; x_wconf 85' lang='grc' dir='ltr'><strong><em>ἀληθέσιν</em></strong></span> <span class='ocrx_word' id='word_1_201' title='bbox 1173 3751 1397 3848; x_wconf 76' lang='grc' dir='ltr'><strong><em>εἰρημένοις,</em></strong></span> 
     </span>
     <span class='ocr_line' id='line_1_27' title="bbox 201 3874 1397 3976; baseline 0.001 -24"><span class='ocrx_word' id='word_1_202' title='bbox 201 3877 269 3952; x_wconf 85' lang='grc' dir='ltr'><strong><em>διά</em></strong></span> <span class='ocrx_word' id='word_1_203' title='bbox 294 3880 428 3962; x_wconf 91' lang='grc' dir='ltr'><strong><em>τέλους</em></strong></span> <span class='ocrx_word' id='word_1_204' title='bbox 454 3878 528 3976; x_wconf 81' lang='grc' dir='ltr'><strong><em>γάρ</em></strong></span> <span class='ocrx_word' id='word_1_205' title='bbox 553 3904 600 3966; x_wconf 88' lang='grc' dir='ltr'><strong><em>με</em></strong></span> <span class='ocrx_word' id='word_1_206' title='bbox 626 3874 781 3954; x_wconf 72' lang='grc' dir='ltr'><strong><em>ἀπέλυε,</em></strong></span> <span class='ocrx_word' id='word_1_207' title='bbox 811 3889 895 3961; x_wconf 88' lang='grc' dir='ltr'><strong><em>τοῖς</em></strong></span> <span class='ocrx_word' id='word_1_208' title='bbox 922 3875 964 3950; x_wconf 82' lang='grc' dir='ltr'><strong><em>δὲ</em></strong></span> <span class='ocrx_word' id='word_1_209' title='bbox 991 3880 1053 3952; x_wconf 78' lang='grc' dir='ltr'><strong><em>ἐπὶ</em></strong></span> <span class='ocrx_word' id='word_1_210' title='bbox 1079 3887 1145 3953; x_wconf 78' lang='grc' dir='ltr'><strong><em>τοῦ</em></strong></span> <span class='ocrx_word' id='word_1_211' title='bbox 1169 3890 1313 3976; x_wconf 77' lang='grc' dir='ltr'><strong><em>τροχοῦ</em></strong></span> <span class='ocrx_word' id='word_1_212' title='bbox 1338 3881 1397 3953; x_wconf 90' lang='grc' dir='ltr'><strong><em>λε-</em></strong></span> 
     </span>
     <span class='ocr_line' id='line_1_28' title="bbox 200 4003 1395 4105; baseline -0.001 -24"><span class='ocrx_word' id='word_1_213' title='bbox 200 4013 398 4105; x_wconf 80' lang='grc' dir='ltr'><strong><em>γομένοις,</em></strong></span> <span class='ocrx_word' id='word_1_214' title='bbox 426 4011 493 4092; x_wconf 78' lang='grc' dir='ltr'><strong><em>οὓς</em></strong></span> <span class='ocrx_word' id='word_1_215' title='bbox 519 4007 663 4087; x_wconf 78' lang='grc' dir='ltr'><strong><em>ἐκεῖνος</em></strong></span> <span class='ocrx_word' id='word_1_216' title='bbox 688 4003 839 4102; x_wconf 79' lang='grc' dir='ltr'><strong><em>ἀνάγκῃ</em></strong></span> <span class='ocrx_word' id='word_1_217' title='bbox 865 4006 1013 4097; x_wconf 81' lang='grc' dir='ltr'><strong><em>μᾶλλον</em></strong></span> <span class='ocrx_word' id='word_1_218' title='bbox 1043 4012 1063 4098; x_wconf 79' lang='grc' dir='ltr'><em>ἢ</em></span> <span class='ocrx_word' id='word_1_219' title='bbox 1090 4007 1249 4104; x_wconf 82' lang='grc' dir='ltr'><strong><em>ἀληθείᾳ</em></strong></span> <span class='ocrx_word' id='word_1_220' title='bbox 1275 4007 1395 4103; x_wconf 82' lang='grc' dir='ltr'><strong><em>ἔλεγε,</em></strong></span> 
     </span>
     <span class='ocr_line' id='line_1_29' title="bbox 201 4132 1392 4230; baseline 0.001 -24"><span class='ocrx_word' id='word_1_221' title='bbox 201 4138 352 4219; x_wconf 83' lang='grc' dir='ltr'><strong><em>τούτοις</em></strong></span> <span class='ocrx_word' id='word_1_222' title='bbox 389 4133 430 4208; x_wconf 84' lang='grc' dir='ltr'><strong><em>δὲ</em></strong></span> <span class='ocrx_word' id='word_1_223' title='bbox 469 4132 672 4230; x_wconf 81' lang='grc' dir='ltr'><strong><em>διεφέρετο.</em></strong></span> <span class='ocrx_word' id='word_1_224' title='bbox 714 4132 868 4228; x_wconf 86' lang='lat' dir='ltr'>Semper</span> <span class='ocrx_word' id='word_1_225' title='bbox 904 4135 1023 4230; x_wconf 72' lang='lat' dir='ltr'>igilur</span> <span class='ocrx_word' id='word_1_226' title='bbox 1060 4137 1120 4209; x_wconf 91' lang='lat' dir='ltr'><strong><em>hio</em></strong></span> <span class='ocrx_word' id='word_1_227' title='bbox 1158 4137 1257 4208; x_wconf 79' lang='lat' dir='ltr'>aliar</span> <span class='ocrx_word' id='word_1_228' title='bbox 1282 4135 1392 4208; x_wconf 80' lang='lat' dir='ltr'>testis</span> 
     </span>
     <span class='ocr_line' id='line_1_30' title="bbox 203 4262 1397 4358; baseline -0.003 -22"><span class='ocrx_word' id='word_1_229' title='bbox 203 4287 264 4337; x_wconf 91' lang='lat' dir='ltr'><strong><em>me</em></strong></span> <span class='ocrx_word' id='word_1_230' title='bbox 298 4264 430 4358; x_wconf 86' lang='lat' dir='ltr'>eulpae</span> <span class='ocrx_word' id='word_1_231' title='bbox 463 4264 673 4335; x_wconf 88' lang='lat' dir='ltr'>immunem</span> <span class='ocrx_word' id='word_1_232' title='bbox 708 4283 786 4334; x_wconf 85' lang='lat' dir='ltr'>esse</span> <span class='ocrx_word' id='word_1_233' title='bbox 820 4264 1100 4356; x_wconf 56' lang='lat' dir='ltr'>perseverabam</span> <span class='ocrx_word' id='word_1_234' title='bbox 1138 4265 1329 4351; x_wconf 74' lang='lat' dir='ltr'>ailamen,</span> <span class='ocrx_word' id='word_1_235' title='bbox 1365 4262 1397 4334; x_wconf 86' lang='lat' dir='ltr'><strong><em>si</em></strong></span> 
     </span>
     <span class='ocr_line' id='line_1_31' title="bbox 204 4388 1395 4476; baseline -0.003 -13"><span class='ocrx_word' id='word_1_236' title='bbox 204 4414 333 4465; x_wconf 87' lang='lat' dir='ltr'>revera</span> <span class='ocrx_word' id='word_1_237' title='bbox 375 4390 493 4463; x_wconf 85' lang='lat' dir='ltr'>seelus</span> <span class='ocrx_word' id='word_1_238' title='bbox 527 4388 812 4476; x_wconf 82' lang='lat' dir='ltr'>commisissem,</span> <span class='ocrx_word' id='word_1_239' title='bbox 849 4390 909 4462; x_wconf 88' lang='lat' dir='ltr'><strong><em>hio</em></strong></span> <span class='ocrx_word' id='word_1_240' title='bbox 941 4391 1112 4463; x_wconf 90' lang='lat' dir='ltr'>omnium</span> <span class='ocrx_word' id='word_1_241' title='bbox 1145 4388 1324 4461; x_wconf 80' lang='lat' dir='ltr'>facillime</span> <span class='ocrx_word' id='word_1_242' title='bbox 1358 4388 1395 4459; x_wconf 91' lang='lat' dir='ltr'><strong><em>id</em></strong></span> 
     </span>
    </p>
   </div>
   <div class='ocr_carea' id='block_1_5' title="bbox 202 4516 1401 4692">
    <p class='ocr_par' dir='ltr' id='par_1_7' title="bbox 202 4516 1401 4692">
     <span class='ocr_line' id='line_1_32' title="bbox 202 4516 1401 4614; baseline -0.004 -21"><span class='ocrx_word' id='word_1_243' title='bbox 202 4521 295 4594; x_wconf 84' lang='lat' dir='ltr'>seire</span> <span class='ocrx_word' id='word_1_244' title='bbox 328 4519 477 4614; x_wconf 71' lang='lat' dir='ltr'><strong><em>potuit,</em></strong></span> <span class='ocrx_word' id='word_1_245' title='bbox 513 4521 647 4612; x_wconf 75' lang='lat' dir='ltr'>utpote</span> <span class='ocrx_word' id='word_1_246' title='bbox 677 4517 743 4610; x_wconf 91' lang='lat' dir='ltr'><strong><em>qui</em></strong></span> <span class='ocrx_word' id='word_1_247' title='bbox 768 4517 900 4591; x_wconf 87' lang='lat' dir='ltr'>eadem</span> <span class='ocrx_word' id='word_1_248' title='bbox 926 4540 1076 4591; x_wconf 84' lang='lat' dir='ltr'>meeum</span> <span class='ocrx_word' id='word_1_249' title='bbox 1102 4540 1191 4589; x_wconf 84' lang='lat' dir='ltr'>usus</span> <span class='ocrx_word' id='word_1_250' title='bbox 1217 4517 1267 4589; x_wconf 73' lang='lat' dir='ltr'><strong><em>sit</em></strong></span> <span class='ocrx_word' id='word_1_251' title='bbox 1292 4516 1401 4606; x_wconf 86' lang='lat' dir='ltr'>navi,</span> 
     </span>
     <span class='ocr_line' id='line_1_33' title="bbox 553 4645 1254 4692; baseline -0.003 2"><span class='ocrx_word' id='word_1_252' title='bbox 553 4667 557 4674; x_wconf 92' lang='lat'><em>-</em></span> <span class='ocrx_word' id='word_1_253' title='bbox 1238 4645 1254 4692; x_wconf 84' lang='grc' dir='ltr'><strong><em>ε</em></strong></span> 
     </span>
    </p>
   </div>
   <div class='ocr_carea' id='block_1_6' title="bbox 0 0 1730 5320">
    <p class='ocr_par' dir='ltr' id='par_1_8' title="bbox 0 0 1730 5320">
     <span class='ocr_line' id='line_1_34' title="bbox 0 0 1730 5320; baseline 0 0"><span class='ocrx_word' id='word_1_254' title='bbox 0 0 1730 5320; x_wconf 95' lang='lat' dir='ltr'><strong><em> </em></strong></span> 
     </span>
    </p>
   </div>
  </div>
 </body>
</html>
