3424 5320
752 471 798 545 93

170 658 294 731 nolon:
341 657 421 731 ἀλλ’
465 657 545 734 οὐδ’
584 650 694 748 ἦλθεν
733 659 794 733 ἐπὶ
831 667 984 748 τοῦτον,
1025 661 1230 756 quidquam
1269 662 1357 738 novi

167 787 333 879 praebet.
368 787 623 878 Sententiam,
655 790 759 880 (nam
784 787 831 860 de
855 787 978 861 verbis
1006 787 1100 859 nihil
1126 789 1217 881 seio)
1242 813 1361 884 quam

168 913 259 985 olim
284 914 470 988 exstitisse
494 913 676 1004 arbitror,
701 914 793 988 haee
818 914 895 988 fere
921 916 996 986 est:
1023 957 1068 967 -
1090 917 1160 989 ουκ
1181 917 1360 1006 ἠξίωσεν·

167 1045 297 1115 καίτοι
331 1042 487 1115 κάλλιόν
518 1070 559 1140 γε
591 1035 636 1132 ἢν
670 1042 759 1116 ἄνευ
791 1041 975 1116 κινδύνου
1004 1043 1210 1128 ἐπεξελθεῖν
1245 1048 1358 1142 αὐτῷ.

166 1173 307 1244 τούτων
332 1169 367 1244 δ’
393 1173 489 1263 ὑμῖν
509 1171 598 1255 τους
619 1172 818 1269 μάρτυρας
840 1178 1145 1268 παρασχήσομαι
1161 1177 1247 1266 (see.
1262 1176 1282 1267 ἓ
1297 1173 1359 1267 28)

166 1299 244 1372 vel:
271 1301 413 1374 τούτων
441 1297 483 1373 δὲ
510 1300 707 1398 μάρτυράς
731 1327 802 1394 μοι
828 1301 932 1375 κάλει
957 1305 1043 1395 (sec.
1070 1301 1178 1395 535).

214 1425 306 1518 563.
341 1429 409 1502 καὶ
442 1425 516 1520 μὲν
553 1427 599 1519 δὴ
633 1429 795 1519 καὶτῆς
820 1429 958 1525 χρείας
986 1440 1053 1520 τῆς
1079 1430 1171 1524 ἐμῆς
1197 1431 1266 1503 καί
1292 1438 1358 1520 τῆς

164 1559 339 1630 Λυκίνου
372 1566 483 1631 τοῦτο
510 1557 605 1649 ὑμῖν
629 1565 815 1655 μέγιστον
842 1562 1048 1655 τεκμήριόν
1074 1561 1200 1648 ἐστιν,
1228 1558 1290 1631 ὅτι
1315 1559 1359 1632 od

164 1681 314 1783 σφόδρα
343 1688 526 1783 ἐχρώμην
551 1687 625 1784 ἐγὼ
650 1689 805 1784 Λυκίνῳ
831 1689 948 1784 φίλῳ,
975 1689 1026 1772 ὡς
1048 1689 1174 1760 πάντα
1197 1697 1355 1778 ποιῆσαι

164 1813 215 1888 ἂν
240 1815 288 1887 τοὶ
314 1814 443 1912 ἐκείνῳ
473 1813 670 1889 δοκοῦντα.
697 1815 800 1889 Licet
825 1818 918 1889 haee
937 1815 1107 1889 fortassis
1127 1837 1261 1909 parum
1283 1816 1356 1890 ele·

163 1945 297 2037 gauter
321 1943 423 2017 dieta
448 1945 524 2018 sint
550 1948 590 2018 et
615 1946 802 2040 αὐστηρόν
821 1944 918 2016 illud
939 1944 1004 2015 καὶ
1026 1942 1219 2039 ἀρχαῖον,
1242 1945 1357 2037 (quod

163 2068 408 2165 Antiphontis
444 2074 633 2148 orationes
668 2074 808 2167 ubique
841 2094 932 2166 prae
958 2094 998 2144 se
1021 2071 1118 2144 ferre
1143 2071 1357 2147 observavit

163 2198 363 2294 Dionysius
383 2199 720 2275 Halicarnassensis
746 2204 792 2274 de
819 2201 923 2273 Isaeo
948 2222 1032 2294 pag.
1064 2199 1143 2272 lll.
1173 2198 1270 2294 542)
1295 2199 1357 2273 hie

165 2327 303 2422 magis,
335 2351 451 2422 quam
485 2329 641 2401 auribus
674 2328 812 2401 nostris
845 2328 1011 2423 placeat,
1049 2349 1262 2421 expressum
1287 2328 1357 2417 sit,

163 2457 294 2529 tamen
318 2478 395 2529 non
421 2458 543 2530 ausim
570 2481 618 2531 ne
639 2457 850 2531 Hartmano
872 2455 1023 2550 quidem
1046 2464 1085 2530 et
1105 2455 1355 2530 Herwerdeno

164 2584 398 2672 auctoribus,
425 2585 636 2680 magistello
662 2584 817 2659 reddere
843 2584 1023 2673 molesta,
1049 2606 1147 2677 quae
1165 2582 1354 2673 videntur,

163 2712 292 2784 verba:
330 2723 397 2802 τῆς
429 2719 567 2810 χρείας
601 2723 668 2804 τῆς
703 2715 796 2806 ἐμῆς
833 2713 902 2785 καὶ
938 2723 1005 2802 τῆς
1037 2714 1222 2785 Λυκίνου.
1259 2711 1355 2796 Quid

165 2838 286 2930 enim,
311 2863 466 2933 quaeso,
492 2842 673 2915 faciemus
699 2842 744 2914 de
769 2842 909 2915 verbis:
938 2844 1007 2915 καὶ
1032 2848 1143 2914 τοῦτο
1168 2842 1265 2933 ὑμῖν
1289 2843 1355 2933 μί-

164 2991 299 3063 γιστον
336 2971 540 3066 τεκμήριόν
579 2970 706 3054 ἐστιν,
744 2991 840 3063 quae
867 2971 959 3040 tum
992 2971 1146 3042 tantum
1181 2990 1219 3041 se
1253 2971 1355 3042 reete

164 3097 365 3188 haberent,
391 3099 422 3171 si
446 3099 486 3170 in
512 3098 584 3188 eie,
609 3120 706 3193 quae
731 3119 947 3192 praegressa
968 3100 1080 3186 sunt,
1099 3098 1264 3170 alterum
1277 3097 1354 3169 iam

164 3225 209 3297 de
233 3225 322 3324 bae,
347 3248 443 3320 quae
468 3229 649 3321 negatur,
674 3225 939 3316 familiaritate,
960 3225 1152 3319 prolatum
1174 3228 1272 3299 esset
1295 3248 1352 3296 ar-

164 3355 400 3447 gumentum.
441 3353 546 3438 duod
580 3357 712 3426 autem
744 3353 792 3425 ad
826 3352 1087 3443 difficultateS,
1122 3354 1257 3449 quibus
1290 3355 1354 3426 ad-

164 3480 298 3554 duetus
336 3481 569 3555 Hartmanus
611 3482 678 3554 illa
717 3484 833 3557 verba
866 3482 974 3576 quasi
1008 3483 1197 3556 emblema
1229 3483 1355 3556 deleta

164 3607 270 3697 vult,
296 3611 389 3701 puto
414 3609 662 3684 locutionem:
690 3621 757 3701 τῆς
783 3638 921 3707 χρειας
941 3617 1145 3707 τεκμήριον
1168 3612 1291 3685 -ὅτε
1312 3612 1355 3684 ου
1462 3613 1465 3621 ’

166 3732 317 3833 σφόδρα
352 3737 530 3834 ἐχρώμην
563 3738 746 3832 (ineptam
772 3761 858 3812 eam
883 3742 995 3813 vocat
1020 3739 1078 3812 vir
1103 3739 1355 3831 doctissimus)

163 3887 187 3936 a
217 3865 428 3940 verbosiore
461 3864 707 3960 Antiphontis
742 3865 888 3939 dicendi
910 3888 1046 3960 genere
1072 3888 1149 3938 non
1173 3867 1265 3940 adeo
1292 3867 1356 3938 ab·

164 3992 334 4077 horrere,
369 3997 415 4066 ut
445 3993 528 4065 ideo
565 3993 811 4066 abiudioanda
844 3994 921 4066 sint
955 3995 1107 4067 oratori.
1135 3993 1249 4067 Recte
1275 4017 1354 4067 mo-

164 4119 250 4192 nuit
289 4120 479 4194 Reiskius:
514 4131 579 4212 τῆς
611 4124 749 4218 χρείας
782 4120 882 4195 idern
917 4123 1041 4196 valere
1078 4143 1140 4196 ao:
1176 4123 1256 4219 περὶ
1288 4137 1355 4214 τῆς

165 4253 312 4344 χρείας.
340 4247 514 4323 Ceterum
539 4250 725 4340 conferas,
752 4273 848 4344 quae
874 4251 919 4324 de
944 4251 1015 4323 hae
1040 4250 1184 4323 dicendi
1208 4252 1356 4325 ratione

165 4378 375 4472 disputavit
408 4377 642 4452 Maetznerus
676 4401 760 4472 pag.
797 4377 887 4467 229,
913 4379 1185 4471 praecipueque
1210 4379 1354 4471 locum,

164 4526 277 4599 quem
301 4506 354 4579 ibi
379 4506 577 4579 laudatum
601 4505 787 4597 invenies,
813 4508 943 4578 nostro
964 4504 1141 4594 similem,
1162 4507 1238 4580 soil.
1254 4508 1353 4600 583:
