3424 5320
809 668 985 760 *XHv

328 820 435 885 Tacit.
458 837 538 892 ann.
562 820 589 883 Ι.
613 820 667 884 41.
692 821 765 896 (sub
789 819 923 896 finemi:

462 941 567 1005 Orant
606 939 792 1023 obsistunt,
837 939 959 1009 rediret
994 942 1162 1014 maneret,
1199 957 1277 1020 pars
1312 939 1518 1020 Agrippinae

508 1064 740 1140 occursanteS,
766 1057 901 1141 plurimi
927 1060 968 1124 ad
993 1059 1232 1125 Germanicum
1256 1061 1408 1138 regressi.

370 1180 473 1260 Lege:
498 1183 596 1246 orant
618 1179 794 1245 insistunt.

876 1398 970 1462 XIII.

241 1527 251 1548 .
326 1489 431 1553 Tacit.
456 1489 566 1553 Germ.
593 1489 654 1554 V.:

462 1610 578 1691 Terra,
602 1610 668 1674 etsi
689 1611 860 1692 aliquanto
881 1611 989 1691 specie
1008 1610 1119 1675 differt
1139 1610 1174 1673 in
1191 1609 1516 1675 universumtamen

508 1737 569 1796 aut
592 1732 686 1796 silvis
710 1732 843 1797 horrida
866 1734 926 1797 aut
949 1731 1125 1811 paludibus
1148 1731 1260 1811 foeda,
1285 1732 1428 1796 umidior
1451 1750 1518 1812 qua

509 1851 650 1928 Galliae,
675 1852 847 1916 ventosior
871 1869 936 1932 qua
960 1852 1119 1916 Noricum
1142 1870 1181 1916 ac
1199 1852 1409 1917 Pannoniam
1435 1855 1517 1933 aspi·

509 1973 572 2052 cit,
606 1971 691 2036 satis
721 1972 832 2052 ferar,
864 1971 1099 2049 frugiferarum
1131 1972 1287 2036 arborum
1318 1972 1515 2055 impatiens,

411 2075 419 2091 ¹
509 2109 667 2172 pecorum
690 2093 847 2168 fecunda,
872 2092 929 2156 sed
953 2092 1148 2172 plerumque
1172 2091 1364 2172 improcera.

374 2211 501 2277 Iniuria
534 2211 802 2276 Hirschfelderus
825 2212 994 2293 perhibet,
1023 2228 1091 2275 voc.
1116 2212 1200 2275 sotis
1222 2211 1409 2276 ablativum
1433 2229 1519 2278 esse.

868 2428 977 2494 XIIII.

329 2534 455 2598 Ibidem
479 2535 593 2599 XIII:

464 2655 552 2719 Tum
581 2656 615 2718 in
648 2656 720 2735 ipso
753 2655 888 2720 concilio
920 2656 973 2720 vel
997 2655 1184 2736 principum
1206 2655 1326 2735 aliquis
1349 2655 1402 2720 vel
1424 2657 1521 2736 pater

509 2775 562 2839 vel
585 2775 762 2856 propinqui
783 2778 878 2840 scuto
897 2774 1088 2856 frameaque
1107 2775 1265 2839 iuvenem
1278 2778 1416 2855 ornant,
1437 2775 1520 2840 haec

476 2896 596 2986 'apud
627 2897 700 2960 illos
732 2899 825 2976 toga,
859 2896 913 2960 hic
945 2896 1073 2976 primus
1103 2896 1263 2960 iuventae
1291 2897 1413 2976 hou0s;
1439 2897 1519 2961 ante

508 3018 569 3082 hoc
593 3017 713 3082 domus
737 3035 815 3098 pare
839 3018 1006 3100 videntur,
1032 3036 1112 3082 mox
1135 3017 1184 3082 rei
1203 3018 1363 3098 publicae.
1377 3018 1521 3096 insignis

508 3137 665 3202 nobilitas
696 3140 757 3202 aut
781 3153 904 3216 magna
928 3139 1064 3217 patrum
1089 3139 1211 3202 merita
1235 3137 1394 3218 principis
1418 3137 1520 3216 digni-

506 3259 615 3322 tatem
639 3258 744 3323 etiam
768 3256 1030 3323 adulescentulis
1048 3257 1238 3338 assignant.

371 3377 589 3444 Praeferenda
613 3380 667 3442 est
690 3377 807 3442 lectio:
831 3377 1054 3458 propinquus,

482 3498 671 3563 necessaria
694 3498 810 3562 lectio:
834 3497 1073 3576 dignationem.

886 3715 964 3782 XV.

327 3903 430 3969 Cicer.
457 3903 529 3968 Cat.
556 3903 633 3967 mai.
659 3903 699 3968 de
724 3905 897 3968 senectute
916 3877 947 3967 I.
974 3906 1011 3966 1:

460 4023 486 4087 Ο
510 4023 600 4104 Tite,
627 4023 759 4104 siquid
784 4026 818 4087 te
842 4024 976 4088 adiuero
1001 4039 1159 4088 curamve
1182 4023 1329 4104 levasso,

461 4160 546 4222 quae
569 4160 661 4208 nunc
684 4146 719 4207 te
743 4145 856 4225 coquit
879 4147 914 4208 et
939 4146 1054 4208 versat
1078 4143 1113 4207 in
1136 4145 1267 4222 pectore
1292 4145 1375 4228 fixa,

462 4265 580 4345 ecquid
603 4266 668 4330 erit
692 4265 864 4344 praemir.

370 4385 497 4450 Iniuria
528 4387 693 4453 adnotant
725 4389 1024 4465 commentatores,
1059 4383 1218 4450 formam:
1255 4387 1377 4452 levasso
1411 4390 1521 4454 ortam

328 4521 403 4572 esse
427 4520 470 4569 ex
492 4506 647 4571 levavero.
