3424 5320
745 455 813 528 103

186 649 263 720 καί
288 646 388 720 idem
422 643 547 718 valere
580 665 641 716 ae:
674 664 750 715 non
785 641 907 715 solum
938 683 984 698 -
1012 639 1237 732 sedetiam,
1263 662 1401 718 neme-

187 798 263 848 n0n
288 772 487 866 intellegit.

235 902 327 992 581.
354 902 428 974 ὅσα
448 898 522 993 μὲν
543 895 614 973 οὗν
636 901 677 973 ἐκ
698 906 773 972 τῶν
796 899 1051 997 ἀνθρωπίνων
1072 902 1285 995 τεκμηρίων
1306 900 1377 974 κατ’

186 1034 408 1124 μαρτυριῶν
441 1023 506 1100 οἶά
537 1056 575 1099 τε
602 1021 648 1117 ἦν
682 1024 992 1121 ἀποδειχθῆναι,
1025 1027 1220 1116 ἀκηκόατε.
1257 1028 1375 1101 Valde

185 1178 333 1242 vereor,
368 1177 415 1228 ne
449 1157 594 1244 orator,
627 1175 713 1226 eum
751 1176 791 1227 se
829 1155 974 1239 omnis,
1003 1177 1099 1248 quae
1123 1153 1375 1228 demonstrari

185 1281 416 1376 potuissent,
442 1281 718 1353 demonstrasse
743 1280 959 1375 perhibeat,
985 1281 1145 1353 nimium
1172 1281 1242 1353 sibi
1267 1281 1373 1354 adro·

185 1411 268 1503 get,
294 1430 379 1480 eum
404 1406 624 1501 praesertim
651 1408 694 1498 §5
708 1405 764 1483 74.
794 1405 838 1482 75
866 1407 1153 1498 tantummodo,
1178 1407 1279 1502 quod
1306 1409 1373 1482 sei·

184 1539 244 1608 ret
277 1533 519 1608 defensurum
552 1554 631 1606 sese
663 1534 904 1628 promisisset.
939 1535 992 1608 cf.
1025 1536 1050 1609 l.
1073 1537 1097 1607 l.
1133 1539 1201 1609 καὶ
1234 1537 1271 1609 εἰ
1298 1533 1374 1629 μὲν

187 1662 259 1760 ἐγὼ
293 1665 425 1736 τούτου
455 1659 740 1758 ἀγωνιζομένου
772 1665 1082 1758 κατεμαρτύρουν
1109 1663 1135 1734 ἀ
1159 1666 1211 1756 μὴ
1237 1667 1374 1756 σαφῶς

184 1787 254 1884 ᾔδη
292 1789 386 1882 ἀκοῇ
425 1786 466 1861 δὲ
505 1788 738 1881 ἠπιστάμην,
778 1788 887 1871 δεινά
924 1791 974 1864 ἀν
1008 1791 1080 1881 ἔφη
1114 1792 1279 1884 πάσχειν
1312 1789 1373 1863 ὑπ’

185 1920 294 2010 ἐμοῦ·
342 1926 413 1991 νῦν
455 1914 497 1989 δὲ
530 1915 764 2014 ἀναγκάζων
798 1916 863 2010 ἐμὲ
899 1917 1178 2014 ἀπολογεῖσθαι
1212 1908 1266 1991 ῶν
1302 1916 1375 2015 ἐγὼ

184 2047 303 2140 πολλῶ
337 2047 515 2141 νεώτερός
550 2045 629 2135 εἰμι
663 2045 731 2116 καὶ
767 2045 865 2141 λόγῳ
896 2041 1003 2122 οἶδα,
1038 2055 1158 2118 ταῦτα
1192 2046 1237 2117 ου’
1270 2043 1376 2118 δεινά

185 2178 333 2272 ἡγεῖται
367 2171 590 2268 εἰργάσθαι.
628 2173 732 2263 ὅμως
764 2177 898 2263 μέντοι
924 2170 1016 2244 καθ’
1041 2173 1136 2246 ὅσον
1161 2173 1234 2271 ἐγὼ
1260 2171 1373 2258 οἶδα,

186 2303 231 2374 ου’
255 2298 436 2398 προδώσω
461 2300 530 2373 τὸν
555 2306 699 2396 πατέρα
728 2311 856 2384 κακῶς
881 2299 1072 2374 ἀκούοντα
1099 2301 1141 2376 ἐν
1165 2304 1261 2392 υμῖν
1286 2300 1374 2373 ἀδί-

187 2455 282 2514 κως.
320 2430 451 2502 καίτοι
486 2425 577 2522 τάχ’
604 2427 655 2500 ἀν
681 2428 881 2521 σφαλείην,
902 2427 929 2499 ἃ
954 2429 1098 2514 ἐκεῖνος
1124 2430 1256 2525 ὀρθῶς
1281 2430 1374 2527 ἔργῳ

187 2563 339 2657 ἔπραξε,
366 2559 470 2633 ταῦτ’
497 2560 570 2656 ἐγὼ
595 2560 693 2658 λόγῳ
716 2563 769 2653 μὴ
794 2561 923 2656 ὀρθῶς
949 2562 1082 2634 εἰπών·
1113 2561 1217 2653 ὅμως
1243 2560 1278 2634 δ’
1305 2553 1374 2635 οὖν

187 2686 523 2763 κεκινδυνεύσετοιι.
560 2687 644 2760 Hue
675 2689 792 2762 etiem
824 2687 1017 2761 referende
1050 2691 1140 2760 sunt
1174 2686 1255 2780 §79
1290 2688 1375 2781 (sub

187 2818 335 2908 finem:
362 2825 484 2914 γέρων
509 2813 585 2907 μὲν
607 2815 753 2898 ἐκεῖνος
774 2813 862 2888 ὥστ’
887 2815 974 2907 ἐμοὶ
995 2816 1178 2907 βοηθεῖν,
1201 2818 1377 2911 νεώτερος

187 2943 223 3018 δ’
257 2944 329 3042 ἐγὼ
363 2944 482 3039 πολλῷ
516 2947 537 3033 ἢ
566 2945 659 3015 ὥστε
677 2939 884 3016 ’δύνασθαι
909 2942 1059 3037 ἐμαυτῷ
1086 2955 1268 3038 τιμωρεῖν
1293 2953 1375 3017 ἱκα-

187 3080 274 3158 νῶς.
310 3072 377 3144 Ηίε
412 3073 605 3166 permotus
635 3091 711 3141 non
737 3068 867 3154 eredo,
893 3091 1000 3141 reum
1027 3091 1175 3141 summe
1200 3092 1375 3166 arrogen-

186 3201 242 3273 tia
279 3222 391 3272 usum
429 3197 581 3270 dixisse:
619 3191 684 3269 οἶά
721 3223 758 3268 τε
796 3187 842 3285 ἦν
880 3192 1169 3290 ἀποδειχθῆναι
1206 3219 1274 3290 pro
1311 3220 1375 3288 e0,

186 3326 285 3421 quod
307 3325 395 3398 loeis
419 3324 528 3398 modo
542 3322 844 3396 commemoratis
857 3323 1081 3417 respondens
1095 3327 1372 3418 exspectamus:

187 3449 251 3526 οἶά
284 3480 323 3525 τε
356 3447 401 3541 ἦν
424 3479 494 3543 μοι
521 3451 582 3524 vel
606 3447 667 3524 ὑπ’
694 3451 786 3542 ἐμοῦ
811 3446 1117 3543 ἀποδειχθῆναι,
1142 3473 1305 3544 quorum
1330 3454 1377 3524 ut

188 3579 417 3651 alterutrum
441 3577 688 3650 restituamus
715 3599 848 3650 moneo
874 3580 990 3671 atque
1015 3578 1158 3650 hortor..

236 3704 328 3795 594.
364 3705 505 3778 τούτων
537 3703 611 3801 γάρ
645 3705 756 3802 ἔργον
790 3714 922 3790 τοῦτο,
954 3706 1064 3796 ὑμῶν
1089 3703 1130 3778 δὲ
1156 3705 1201 3778 τὸ
1224 3708 1277 3798 μὴ
1303 3707 1377 3778 πεί-

188 3839 332 3908 θεσθαι
366 3832 415 3904 τά
445 3835 497 3925 μὴ
533 3829 695 3908 δίκαια.
723 3831 932 3926 τοῦτομὲν
957 3831 1030 3929 γάρ
1056 3833 1143 3925 ἐμοὶ
1168 3835 1374 3928 π(ε)ιθομε’-

187 3990 270 4047 νοις
294 3963 389 4057 ὑμῖν
413 3961 670 4054 μεταμελῆσαι
696 3961 821 4049 ἔστιν,
852 3961 921 4034 καὶ
946 3962 1078 4035 τούτου
1105 3962 1312 4058 φάρμακον
1332 3962 1377 4034 τὸ

187 4088 305 4179 αὖθις
341 4094 521 4181 κολάσαι,
556 4101 623 4168 τοῦ
657 4090 699 4166 δὲ
733 4094 882 4176 τούτοις
910 4097 1196 4190 π(ε)ιθομε’νους
1231 4094 1375 4192 ἐξεργά-

186 4229 340 4298 σασθαι
377 4222 403 4293 ἃ
439 4210 546 4295 οὗτοι
583 4220 791 4314 βούλονται
829 4222 897 4294 ουίι
934 4221 1040 4295 ἔστιν
1078 4225 1198 4306 ἴασις.
1250 4222 1376 4296 Primo

186 4350 319 4426 statim
352 4349 529 4443 adspectu
564 4352 741 4443 apparet,
777 4349 893 4422 verbe
926 4358 1036 4423 τοῦτο
1070 4347 1145 4441 μὲν
1179 4349 1251 4447 γάρ
1285 4373 1319 4443 q.
1346 4372 1374 4424 s.

187 4479 291 4554 nullo
318 4499 404 4552 eum
430 4477 736 4550 antecedentibus
760 4476 957 4550 cohaerere
979 4476 1148 4567 vinculo,
1170 4499 1255 4551 eum
1269 4500 1373 4572 pree·
