3424 5320
903 466 950 538 82

333 656 372 726 et
396 653 436 724 in
461 652 542 746 ipsa
566 650 809 746 navigatione
832 675 978 747 semper
1003 654 1144 728 circum
1170 677 1231 726 me
1256 655 1382 728 fuerit.
1408 656 1520 730 Hunc

331 783 377 852 ut
409 781 556 854 assidue
587 779 748 855 adfuisse
773 780 944 871 doceret,
971 785 1099 855 orator
1124 805 1191 876 per
1216 782 1397 878 figuram,
1423 807 1519 878 quae

331 909 445 1003 vulgo
478 906 713 1000 ένδιαδυοῐν,
736 909 968 1004 appellatur,
1001 910 1192 1004 copulavit
1225 911 1359 984 verba:
1387 912 1519 1008 παρὼν

325 1039 394 1110 καὶ
430 1041 566 1143 συνών..
600 1039 645 1111 In
678 1038 749 1111 tali
782 1041 911 1112 autem
946 1037 1227 1128 coniunctione,
1261 1039 1326 1111 ubi
1356 1039 1430 1113 duo
1456 1041 1519 1112 ad·

324 1169 415 1238 sunt
447 1168 561 1240 verba
595 1168 642 1239 ad
675 1189 936 1255 communem,
971 1189 1067 1259 quae
1100 1167 1145 1240 iis
1179 1168 1298 1257 inest,
1323 1169 1517 1242 noti0nem

323 1293 655 1383 corroborandam,
691 1293 822 1366 Graeci
857 1315 933 1365 non
958 1293 1165 1388 simplicem
1194 1294 1373 1367 adhibent
1399 1296 1515 1389 parti-

324 1421 448 1493 culam
484 1425 573 1512 καί,
612 1421 694 1511 sed,
732 1443 807 1513 quo
847 1421 967 1494 artius
1005 1421 1170 1495 eiusdem
1204 1423 1367 1496 notionis
1401 1425 1517 1496 verba

323 1550 423 1622 inter
448 1571 487 1622 se
512 1549 753 1643 colligentur:
781 1546 950 1622 τὲ-καί.
978 1549 1038 1622 Ita
1063 1553 1103 1623 et
1127 1551 1301 1624 hocloco
1328 1555 1516 1645 exspecta·

325 1699 410 1749 mus
446 1676 526 1749 fore
559 1680 606 1748 ut
638 1677 790 1770 utrique
820 1677 972 1770 quidem
1006 1677 1193 1751 membro:
1221 1678 1242 1751 ὁ
1270 1680 1312 1751 ἐν
1336 1686 1387 1774 τῷ
1413 1681 1516 1776 αὐτῷ

325 1805 441 1902 πλοίῳ
465 1804 585 1878 πλέων
610 1807 650 1878 et
675 1806 806 1900 παρὼν
831 1802 898 1877 διὰ
922 1806 1054 1890 τέλους
1080 1807 1149 1879 καὶ
1175 1809 1301 1882 συνών
1320 1836 1390 1902 μοι
1402 1808 1517 1882 inter·

325 1935 449 2030 posita
475 1935 525 2007 sit
547 1935 759 2008 coniunctio
781 1935 868 2024 καί,
890 1935 1046 2008 alterius
1067 1938 1196 2009 autem
1210 1938 1369 2010 membri
1383 1940 1515 2011 verba:

325 2074 457 2160 παρών
477 2067 517 2137 et
538 2066 665 2138 συνών
684 2064 784 2137 inter
804 2086 843 2137 se
863 2065 1127 2157 coagmentata
1145 2064 1222 2136 sint
1235 2065 1516 2157 coniunctione,

322 2217 398 2289 qua
422 2194 567 2265 firmius
592 2193 687 2264 nihil
707 2214 785 2266 esse
805 2194 950 2286 potest,
973 2192 1049 2264 scil.
1072 2188 1241 2264 τὲ-καί.
1255 2192 1379 2264 Habes
1393 2215 1515 2266 exem-

323 2323 429 2416 plum
459 2320 607 2394 Platon.
636 2319 762 2415 Symp.
789 2342 873 2414 pag.
904 2317 1006 2392 leth:
1033 2320 1128 2410 μετά
1154 2319 1196 2394 δὲ
1222 2328 1319 2394 νέων
1346 2319 1405 2395 ἀεὶ
1431 2323 1514 2406 ξύν-

321 2451 408 2523 εστί
434 2479 471 2522 τε
504 2449 572 2521 καὶ
606 2448 723 2520 ἔστιν.
751 2447 962 2521 Secundum
989 2448 1080 2522 haec
1104 2453 1144 2523 et
1168 2452 1296 2522 nostro
1323 2449 1404 2522 loco
1426 2450 1512 2523 scri-

320 2579 486 2651 bendum
508 2577 599 2650 erit:
621 2579 753 2673 παρών
771 2585 859 2653 (τε)
881 2574 950 2649 διὰ
962 2578 1091 2660 τέλους
1104 2578 1173 2650 καὶ
1187 2580 1313 2651 συνών
1323 2605 1414 2672 μοι,
1430 2578 1511 2667 vel,

321 2707 420 2801 quod
432 2728 550 2800 aeque
562 2706 697 2799 placet,
710 2703 832 2778 πλέων
845 2712 931 2784 (τε)
944 2729 979 2799 q.
995 2727 1023 2776 s.
1038 2703 1177 2777 Eodem
1190 2706 1301 2799 plane
1312 2704 1422 2778 modo
1433 2726 1511 2778 cor-

320 2833 517 2928 rigendum
538 2835 643 2927 putu,
656 2832 852 2906 inserenda
864 2836 960 2927 part.
976 2861 1026 2923 τε,
1040 2832 1231 2904 Plutarch.
1246 2831 1291 2905 de
1304 2831 1352 2903 Is.
1368 2833 1408 2904 et
1420 2830 1513 2904 Osir.

321 2985 404 3056 pag.
416 2961 511 3034 352³:
527 2965 611 3058 παρ’
626 2961 720 3054 αὐτῇ
734 2962 803 3034 καὶ
815 2961 895 3054 μετ’
910 2963 1026 3050 αὐτῆς
1040 2961 1135 3034 ὄντα
1147 2971 1234 3048 (τε)
1244 2961 1314 3032 καὶ
1328 2963 1513 3049 συνόντα,

320 3090 385 3162 ubi
411 3118 449 3163 τε
472 3093 558 3185 post
587 3090 711 3183 (tulta
738 3112 805 3184 per
830 3090 1139 3184 haplographiam
1166 3089 1312 3162 excidit.
1336 3088 1511 3162 Conferas

320 3218 473 3290 omnino
499 3218 545 3290 de
570 3218 705 3289 harum
730 3217 1002 3312 particularum
1025 3241 1096 3289 usu
1117 3217 1267 3290 doctam
1288 3217 1511 3311 disputatio·

320 3369 408 3419 nem
422 3345 551 3417 Fuhrii
564 3345 657 3417 Mus.
673 3345 789 3417 Rhen.
805 3343 971 3416 XXXIII
986 3343 1167 3430 „Excurse
1176 3368 1223 3415 zu
1231 3344 1301 3416 den
1312 3344 1510 3418 Attischen

319 3473 516 3546 Itednern”
543 3495 646 3544 num.
675 3471 696 3546 7
723 3494 806 3565 pag.
837 3470 1040 3547 orl-591.

369 3600 461 3693 543.
499 3601 630 3673 καίτοι
663 3600 707 3672 τὸ
739 3599 845 3683 εἰκὸς
880 3601 1096 3694 σύμμαχόν
1129 3604 1206 3695 μοι’
1233 3601 1349 3675 ἐστιν.
1384 3601 1428 3672 In
1452 3601 1510 3673 his

320 3732 441 3806 verbis
475 3731 574 3802 male
609 3753 670 3802 me
703 3752 849 3824 semper
881 3730 1016 3803 habuit
1048 3731 1236 3826 habetque
1269 3731 1383 3804 etiam
1409 3753 1511 3802 nunc

319 3859 506 3952 particula
531 3857 671 3931 καίτοι.
698 3856 833 3930 Orator
858 3858 976 3947 enim,
1001 3861 1203 3952 postquam
1216 3857 1508 3944 demonstravit,

318 4008 382 4076 ca,
416 4009 513 4080 quae
545 3989 663 4060 testes
689 3986 909 4072 edixissent,
937 3986 1056 4080 magis
1081 4009 1148 4081 pro
1175 4008 1214 4059 se
1238 3985 1386 4079 prolata
1412 4007 1508 4078 esse,

318 4137 432 4208 quam
467 4097 599 4188 contra
624 4136 682 4203 se,
708 4135 809 4185 nunc
834 4112 969 4199 adicit,
996 4114 1115 4186 ctiam
1140 4115 1387 4205 argumenta,
1412 4125 1510 4205 quac

318 4264 339 4313 e
376 4243 642 4336 probabilitate
679 4241 757 4335 peti
794 4240 959 4334 possint,
997 4265 1021 4312 a
1055 4264 1124 4313 sua
1157 4244 1266 4334 parte
1300 4243 1410 4313 stare.
1439 4241 1509 4315 Sed

319 4369 412 4441 talia
443 4394 520 4444 non
553 4371 711 4465 possunt
734 4367 910 4463 coniungi
937 4392 1002 4462 per
1027 4369 1254 4463 particulam
1281 4367 1408 4442 καίτοι
1435 4369 1460 4441 i.
1475 4392 1506 4442 e.

317 4518 568 4590 quamquam,
601 4523 677 4593 qua
709 4497 782 4587 eis,
817 4519 913 4590 quae
938 4497 1157 4590 praeierunt
1183 4496 1324 4590 aliquid
1352 4497 1507 4594 opponi-
