3366 5324
658 823 739 934 IV.
781 866 827 934 r.

205 1064 243 1110 α.
270 1038 334 1129 55
359 1036 390 1108 l.
412 1037 445 1109 2.
460 1037 493 1110 3.
508 1034 541 1108 4.
567 1039 808 1129 Νενόμισται
832 1034 906 1128 μὲν
930 1037 1060 1132 ὀρθῶς
1084 1037 1156 1122 τοὶς
1183 1013 1350 1132 φονικός

156 1164 272 1250 δίκας
307 1167 392 1262 περὶ
416 1167 594 1238 πλείστου
621 1165 711 1250 τοὺς
735 1166 944 1262 κρίνοντας
969 1173 1169 1240 ποιεῖσθαι
1194 1165 1351 1243 διώκειν

152 1295 286 1374 τεκαὶ
312 1307 522 1391 μαρτυρεῖν
549 1293 652 1366 κατοὶ
677 1292 719 1364 τὸ
745 1291 926 1384 δίκαιον,
952 1300 1044 1387 μήτε
1069 1296 1158 1380 τους
1186 1298 1350 1398 ἐνόχους

155 1421 347 1513 ἀφιέντας
370 1429 464 1516 μήτε
491 1422 578 1506 τους
604 1424 805 1519 καθαροὺς
830 1422 886 1507 εἰς
907 1422 1042 1519 ἀγῶνα
1065 1425 1349 1509 καθιστάντας.

151 1551 172 1623 ό
198 1578 236 1624 τε
260 1552 334 1648 γαρ
356 1554 445 1634 θεὸς
463 1552 701 1643 βουλόμενος
724 1564 882 1641 ποιῆσαι
905 1553 949 1624 τὸ
964 1551 1214 1647 α’νθρώπινον
1228 1555 1348 1646 φῦλον

154 1680 242 1764 τους
266 1685 436 1777 πρώτους
462 1685 691 1776 γενομένους
716 1682 855 1771 ἔφυσεν
875 1685 1001 1772 ἡμῶν,
1024 1688 1193 1778 τροφέας
1211 1710 1249 1754 τε
1262 1683 1346 1774 (καὶ

152 1807 295 1906 codices
328 1808 486 1897 addunt)
522 1807 716 1903 παρέδωκε
742 1811 810 1897 τὴν
835 1821 908 1906 γῆν
933 1811 1002 1882 καί
1027 1813 1094 1899 τὴν
1120 1811 1348 1895 θάλασσαν,

154 1939 219 2009 ἶνα
251 1939 305 2029 μὴ
341 1937 475 2009 σπάνει
505 1947 584 2010 τῶν
620 1936 843 2036 ἀναγκαίων
870 1944 1255 2035 προαποθνῄσκοιμεν
1280 1951 1346 2030 τῆς

152 2073 312 2161 γηραιοῦ
334 2065 510 2155 τελευτῆς.
535 2066 645 2149 ὅστις
658 2058 729 2140 ουν
742 2076 817 2139 τῶν
831 2069 904 2138 υπὸ
915 2076 981 2140 τοῦ
996 2071 1086 2141 θεου
1100 2068 1344 2153 αξιωθίντων

152 2205 217 2267 του
242 2193 338 2286 βίου
363 2199 473 2289 ἡμῶν
500 2193 657 2288 ἀνόμως
678 2195 768 2267 τινα
790 2194 1016 2283 ἀποκτείνει,
1029 2193 1169 2287 ἀσεβεῖ
1174 2193 1249 2287 μὲν
1262 2197 1345 2291 περὶ

152 2324 238 2407 τους
264 2328 395 2407 θεούς,
424 2334 570 2420 συγχεῖ
591 2321 634 2396 δὲ
661 2323 709 2395 τά
735 2325 888 2415 νόμιμα
913 2331 992 2397 τῶν
1020 2323 1243 2419 ἀνθρώπων.
1266 2326 1345 2397 ὅτε

154 2451 252 2547 [γαρ]
276 2451 500 2540 αποθανών,
522 2458 748 2548 στερόμενος
761 2441 815 2525 ῶν
831 2454 851 2524 ὁ
866 2454 955 2536 θεὸς
969 2450 1107 2526 ἔδωκεν
1121 2455 1235 2548 αὐτῷ,
1248 2454 1345 2528 εἰκό-

152 2605 224 2663 τως
250 2584 337 2652 θεοῦ
361 2575 555 2676 τιμωρίαν
580 2581 767 2653 ὑπολείπει
792 2571 962 2670 τὴντῶν
984 2581 1343 2678 οὶλιτηριῶνδυσμί-

152 2732 270 2792 νειαν,
298 2709 344 2795 ἣν
368 2716 410 2779 οἱ
432 2709 534 2804 παρα
559 2711 603 2781 τὸ
624 2707 780 2782 δίκαιον
803 2712 999 2803 κρίνοντες
1021 2716 1341 2808 ἢμαρτυρουντες,

152 2837 459 2928 συνασεβουντες
479 2848 530 2932 τῷ
553 2848 674 2911 ταυτα
693 2836 844 2934 δρῶντι,
859 2843 905 2910 ου’
916 2853 1101 2936 προςῆκον
1114 2842 1273 2931 μίασμα
1287 2843 1344 2926 είς

151 2965 239 3050 τοὺς
266 2964 390 3049 ἰδίους
415 2973 548 3050 οἴκους
573 2966 816 3063 εἰςάγονται·
838 2972 946 3058 ἡμεῖς
968 2995 1007 3041 τε
1029 2978 1071 3040 οἱ
1090 2973 1254 3064 τιμωροὶ
1269 2981 1343 3043 τῶν

151 3091 459 3191 διεφθαρμένων,
486 3095 524 3167 εί
541 3093 591 3166 δι’
612 3095 725 3184 ἄλλην
747 3100 837 3167 τινα
859 3097 1015 3191 ἔχθραν
1037 3124 1125 3182 τους
1137 3097 1344 3185 ἀναιτίους

151 3221 356 3318 διώκοιμεν
392 3225 480 3296 cett.
518 3223 677 3296 Animus
711 3247 772 3298 mc
808 3224 971 3314 inducit,
1006 3229 1050 3298 ut
1083 3226 1183 3301 hunc
1217 3231 1343 3303 locum

150 3352 262 3446 paulo
297 3352 529 3425 accuratiore
560 3353 814 3447 disputat-ione
848 3374 1058 3447 persequar.
1095 3353 1207 3428 euius
1232 3357 1341 3432 inicio

151 3479 386 3552 Maetznerua
410 3479 449 3551 in
475 3479 693 3574 explicando
718 3481 900 3554 vocabulo
927 3485 1134 3576 κρίνοντας
1156 3485 1343 3581 discrepat

152 3608 199 3680 ab
220 3609 280 3698 iia,
300 3630 397 3703 quae
418 3606 589 3680 Reiskius
610 3607 656 3681 de
675 3631 720 3681 ea
741 3631 782 3682 re
803 3609 843 3681 in
865 3611 1032 3684 medium
1053 3614 1224 3706 protulit.
1247 3614 1341 3688 Cum

151 3737 252 3809 enim
298 3736 360 3808 hic
396 3736 454 3809 vir
492 3735 720 3808 clarissimus
757 3739 940 3812 vocabulo
979 3747 1186 3837 κρίνοντας
1217 3735 1347 3838 'talem

151 3864 306 3959 adaptet
331 3863 630 3958 explicationem,
657 3866 702 3936 ui
725 3865 892 3960 positum
916 3866 1019 3940 dicat
1044 3893 1111 3964 pro
1137 3869 1341 3962 δικασταί,

150 3990 213 4065 ille
244 3994 377 4065 contra
401 3991 439 4063 id
463 4013 601 4064 nomen
625 3992 740 4082 trita,
765 4016 914 4086 quaque
938 3997 987 4068 ab
1012 3999 1224 4072 oratoribus
1250 4001 1340 4073 atti·

151 4121 201 4194 cis
222 4122 445 4216 plerumque
466 4119 680 4192 adhibitum
700 4121 994 4216 deprehenditur
1006 4126 1160 4201 notione
1173 4128 1339 4223 positum

150 4252 273 4343 putat.
299 4248 350 4321 Et
375 4271 526 4338 revera,
552 4249 680 4322 videas
705 4272 864 4344 quaeso,
891 4275 1005 4346 quam
1032 4277 1165 4348 parum
1190 4255 1340 4349 placeat

151 4375 350 4450 Rciskiana
386 4376 454 4448 illa
490 4377 600 4450 ratic.
638 4376 906 4472 Coniungenda
942 4380 1043 4453 enim
1081 4381 1159 4453 ianr
1196 4388 1338 4459 esseni:

150 4504 237 4591 τοὺς
269 4507 480 4603 κρίνοντας
514 4503 668 4580 διώκειν
701 4534 740 4579 τε
776 4508 846 4580 καὶ
879 4520 1106 4606 μαρτυρεῖν,
1131 4534 1228 4606 quac
1253 4535 1340 4589 con·
