3424 5320
737 471 800 544 101

174 658 294 733 ἱκανά
327 657 385 756 γ’)
420 651 465 749 ἦν
497 661 717 752 ὑπομνῆσαι
749 657 819 734 καὶ
845 657 1135 752 ε’νθνμηθῆνοιι,
1161 659 1259 754 εἴπερ
1281 654 1361 747 ἠδι·

173 797 328 870 κοῡντο,
376 786 576 884 ἀμφότερα
614 788 684 860 καὶ
721 795 831 879 σφῶν
870 786 1000 860 αὐτῶν
1035 789 1145 858 ἕνεκα
1184 785 1256 858 καὶ
1294 797 1361 874 τῆς

173 916 324 999 πόλεως.
366 913 458 986 Cum
498 913 569 986 hae
605 914 723 1008 igitur
760 914 857 986 duae
890 912 1099 1006 particulae
1132 933 1268 985 novem
1302 912 1361 984 vel

173 1043 289 1116 etiam
324 1041 451 1115 decem
484 1041 524 1112 in
559 1040 804 1134 Antiphontis
839 1039 1073 1112 orationibus
1099 1038 1225 1112 adsint
1248 1038 1362 1127 locis,

173 1167 388 1262 etquidem
414 1168 489 1256 ita,
516 1170 558 1239 ut
586 1166 786 1260 quinquies
812 1169 896 1238 arte
922 1166 1144 1240 coniunctae
1168 1167 1363 1259 legantur,

173 1297 308 1388 quater
340 1296 471 1366 autem
504 1293 564 1365 vel
590 1291 750 1365 fortasse
777 1291 893 1364 etiam
919 1291 1116 1385 quinquies
1140 1291 1362 1384 interposito

173 1419 355 1494 vocabulo
377 1419 643 1513 seiungantur,
665 1418 778 1490 nimie
799 1440 866 1512 ego
889 1416 1067 1491 audacter
1088 1418 1362 1492 Jernstedtinm

174 1569 284 1640 agere
312 1549 425 1640 puto,
453 1544 636 1618 mutando
661 1545 723 1618 vel
749 1545 860 1638 plane
884 1545 1060 1634 delendo,
1086 1545 1258 1638 quodne
1284 1567 1364 1616 mu·
1435 1625 1436 1629 Ἴ

173 1676 298 1746 temus
331 1674 401 1744 aut
434 1672 642 1744 abiciamus
674 1671 840 1765 quinque
865 1672 1083 1745 dissuadent
1107 1676 1223 1765 atque
1247 1672 1364 1765 impe·
1430 1667 1435 1678 ”

173 1799 285 1872 dIunt
310 1799 491 1894 exempla.

222 1924 348 1998 Etiam
369 1926 409 1998 in
436 1924 698 1999 Demosthenis
724 1925 958 1999 orationibus
983 1926 1052 1998 hae
1078 1925 1286 2020 particulae
1310 1925 1366 1996 ni-

175 2053 246 2124 mis
279 2073 389 2144 saepe
420 2052 642 2124 coniunctae
677 2054 896 2141 ocoununt,
923 2075 1038 2145 quam
1064 2054 1110 2124 ut
1135 2051 1257 2124 ubivis
1283 2073 1366 2144 par-

174 2178 332 2251 ticulam
358 2205 398 2274 γε
421 2177 619 2271 transponi
640 2177 701 2251 vel
723 2178 838 2250 deleri
863 2177 986 2250 liceat.
1013 2178 1212 2272 Perperam
1237 2181 1366 2250 autem

176 2304 360 2376 Blossium
394 2325 504 2398 agere
537 2306 650 2396 puta,
684 2303 750 2396 qui
781 2303 822 2374 in
855 2303 1138 2394 Demosthenis,
1163 2326 1279 2398 quam
1304 2326 1367 2377 cu-

177 2430 295 2520 ravit,
337 2429 502 2503 editione
543 2432 681 2523 quarta
713 2429 781 2501 has
808 2429 1024 2528 ‚pertentas
1057 2431 1169 2503 modo
1202 2430 1367 2502 intactas

166 2557 376 2650 ,relinquit
402 2556 513 2629 modo
537 2555 723 2629 violenter
748 2554 907 2630 divellit.
937 2555 1113 2630 Conferas
1138 2558 1367 2644 attenuatam,

176 2706 291 2778 quam
316 2685 362 2758 de
387 2684 444 2756 his
468 2683 663 2777 particulis
688 2684 856 2757 instituit
883 2684 1182 2778 disquisitionem
1207 2682 1367 2754 Fuhrius

176 2809 270 2882 Mus.
304 2809 421 2882 Rhen.
455 2809 621 2881 XXXIII
657 2808 842 2894 „Excurse
877 2832 924 2904 zu
956 2809 1028 2882 den
1061 2808 1248 2881 attischen
1273 2806 1368 2880 Red-

178 2938 295 3010 nern”
321 2959 359 3007 n.
386 2935 529 3030 apag.
558 2932 628 3006 593
655 2955 732 3027 sqq.

227 3060 319 3154 §78-
350 3061 390 3136 εἰ
408 3059 444 3133 δ’
471 3063 513 3134 ἐν
536 3062 643 3157 Αἴνῳ
667 3061 895 3158 χωροφιλεῖ,
922 3069 1033 3136 τοῦτο
1057 3063 1125 3135 οὐκ
1152 3063 1365 3160 ἀποστερῶν

178 3218 217 3287 γε
251 3195 328 3262 τῶν
359 3188 416 3273 εἰς
453 3191 521 3278 τὴν
553 3188 666 3264 πόλιν
692 3188 831 3264 ἑαυτὸν
857 3187 1010 3274 οὐδενὸς
1034 3188 1116 3264 οὐδ’
1143 3191 1276 3288 ἑτέρας
1302 3193 1368 3265 πό-

177 3318 266 3402 λεως
290 3319 443 3407 πολίτης
467 3321 734 3416 γεγενημένος,
760 3321 879 3416 ὥσπερ
905 3319 1056 3417 ἑτέρους
1081 3322 1156 3417 δρῶ
1181 3320 1270 3405 τοὺς
1295 3317 1369 3415 μὲν

177 3445 233 3529 εἰς
266 3447 335 3534 τὴν
364 3449 515 3542 ἤπειρον
550 3446 707 3537 ἰόντας,
740 3446 878 3532 (τοὺς)
914 3446 957 3522 δὲ
991 3427 1170 3540 (codicest
1208 3451 1293 3543 καὶ)
1319 3449 1370 3525 οἰ·

178 3579 344 3656 noemae
386 3573 428 3646 ἐν
458 3585 540 3657 τοῖς
573 3575 767 3670 πολεμίοις
800 3587 885 3661 τοῖς
917 3578 1113 3672 ὑμετέροις
1147 3578 1217 3650 καὶ
1251 3575 1370 3664 δίκας

178 3697 254 3773 ἀπὸ
291 3698 498 3793 ξομβόλων
535 3699 631 3793 ὑμῖν
669 3701 971 3795 δικαζομένους,
1009 3703 1097 3779 οὐδὲ
1138 3708 1286 3803 φεύγων
1323 3705 1369 3780 τὸ

179 3827 323 3918 πλῆθος
353 3829 398 3901 τὸ
431 3829 632 3925 ὑμέτερον,
660 3831 750 3916 τούς
775 3828 811 3904 δ’
837 3835 944 3916 οἴους
967 3833 1079 3925 ὑμεῖς
1102 3840 1232 3926 μισῶν
1258 3856 1371 3906 cono-

179 3955 343 4049 φάντος.
370 3955 467 4029 Fieri
492 3955 645 4049 quidem
669 3957 814 4050 potuit,
843 3962 888 4031 ut
914 3960 1000 4052 post
1025 3981 1232 4053 pronomen
1256 3967 1372 4032 τοῦτο

179 4084 365 4158 excideret
400 4084 557 4156 verbum
590 4092 712 4172 ποιεῖ,
739 4083 845 4158 cuius
870 4085 1063 4159 notionem
1090 4108 1202 4182 aegie
1226 4085 1371 4159 deside·

178 4210 254 4284 rari
291 4209 464 4283 Reiskius
502 4213 601 4283 recte
635 4211 842 4306 perspexit;
875 4212 939 4285 scd
973 4216 1123 4303 tamen,
1156 4235 1204 4287 ne
1239 4213 1372 4286 statim

179 4339 249 4412 hoo
281 4337 436 4411 verbum
470 4335 671 4425 addamus,
704 4336 929 4412 dehortatur
952 4339 1153 4432 repetitum
1182 4339 1222 4411 in
1248 4338 1372 4412 codice

178 4464 212 4538 A
237 4463 462 4540 vocabulum
488 4462 647 4554 ἑαυτόν,
674 4465 735 4536 cui
761 4463 962 4560 vestigium
986 4464 1171 4562 genuinae
1195 4465 1369 4540 lectionis
