3366 5324
233 1680 362 1754 Veteri
388 1677 657 1753 consuetudine
682 1680 873 1772 receptum
900 1680 975 1765 est,
1000 1679 1046 1748 ut
1068 1698 1217 1765 omnes,
1239 1677 1375 1770 quibus

183 1808 511 1902 exoptatissimum
549 1806 768 1880 absolvendi
808 1805 935 1878 studia
962 1804 1190 1878 Academica
1225 1809 1375 1900 tempus

183 1936 357 2024 advenit,
395 1957 440 2007 ea
477 1935 670 2008 occasione
703 1935 930 2007 documenta
963 1933 1165 2006 exhibeant
1198 1936 1238 2006 et
1270 1935 1376 2007 testi-

184 2064 312 2135 monia
337 2068 487 2158 gratae,
515 2087 591 2156 qua
616 2061 741 2134 affecti
767 2054 1037 2148 sunt,1nentis
1063 2082 1152 2154 erga
1173 2082 1234 2133 eos
1256 2060 1376 2150 viros,

183 2193 248 2284 qui
270 2191 395 2263 studia
415 2213 481 2284 per
503 2211 654 2262 securae
674 2188 887 2261 iuventutis
909 2209 1026 2260 annos
1039 2188 1080 2258 in
1093 2187 1374 2281 disciplinarum

183 2318 348 2391 scientiis
383 2317 554 2405 condita,
589 2316 767 2409 prudenti
801 2337 868 2387 suo
902 2313 1158 2388 moderamine
1186 2319 1375 2388 rexerunt.

183 2446 303 2530 Quam
340 2444 650 2519 consuetudinem
688 2445 859 2530 secutus,
897 2442 1058 2514 libenter
1096 2442 1269 2536 equidem
1308 2444 1377 2517 hoo

184 2574 356 2647 sollemni
390 2575 469 2647 loeo
503 2596 548 2646 ex
581 2573 718 2645 intimo
751 2572 879 2645 animo
913 2571 1062 2644 effundo
1096 2572 1258 2666 gratias,
1283 2595 1376 2665 quas

184 2701 299 2774 debeo
332 2702 535 2786 maximas,
571 2701 662 2773 viris
697 2699 911 2772 clarissimis
936 2721 1184 2788 usnennrsns,
1215 2689 1377 2790 asenna,

184 2850 406 2918 uoissnvum,
432 2851 580 2917 senuna,
594 2851 677 2901 usu
699 2851 769 2900 unu
790 2851 889 2914 uun,
903 2828 1038 2920 quibus
1061 2827 1216 2899 ducibus
1232 2850 1377 2923 semper

186 2978 273 3027 cum
286 2955 539 3028 delectatione
551 2955 669 3024 animi
683 2955 928 3028 honestarum
940 2955 1082 3026 artium
1096 2955 1216 3027 cultui
1225 2976 1376 3049 operam

188 3080 337 3151 navavi.
372 3078 451 3152 Neo
483 3082 523 3152 te
556 3079 738 3170 reticebo,
771 3083 974 3155 clarissime
1008 3105 1080 3154 vnn
1104 3105 1175 3154 nnn
1200 3107 1378 3175 wiros,e

189 3205 293 3278 cuius
330 3207 486 3296 scholia,
524 3207 586 3279 vix
622 3206 695 3280 dici
732 3212 877 3302 potest,
918 3213 1102 3303 quantam
1139 3210 1376 3305 voluptatem

186 3355 332 3428 semper
357 3335 598 3430 perceperim.

238 3460 394 3534 Utinam
420 3463 458 3534 in
485 3463 621 3536 horum
646 3463 816 3555 virorum
842 3486 999 3537 numero
1025 3467 1063 3537 et
1090 3467 1129 3537 te
1154 3466 1378 3560 compellare

187 3586 339 3678 liceret,
372 3613 585 3678 sarnanum,
620 3591 801 3686 magister
830 3592 1090 3664 dilectissime!
1120 3590 1191 3665 Per
1215 3596 1379 3687 quatuor

187 3736 324 3806 annos,
353 3739 438 3789 cum
464 3717 576 3807 mihi,
603 3722 648 3790 ut
672 3720 713 3791 te
738 3720 936 3812 scriptores
963 3719 1101 3792 latinos
1126 3721 1377 3813 explicantem

186 3843 376 3934 audirem,
413 3846 590 3940 contigit,
625 3867 771 3939 semper
805 3845 964 3917 miratus
998 3868 1082 3917 sum
1118 3850 1228 3919 tuam
1261 3849 1378 3921 inter·
1458 3861 1460 3868 ’

186 3974 360 4066 pretendi
384 3974 592 4061 rationem,
616 3995 733 4066 quae,
762 3974 900 4045 mirum
922 3975 1128 4065 quantum,
1150 3974 1197 4044 ad
1218 3974 1378 4067 amplifi·

188 4101 347 4173 candum
367 4100 508 4172 artium
527 4099 740 4173 liberalium
760 4098 985 4193 dignitatem
1005 4103 1046 4172 et
1066 4100 1113 4170 ad
1135 4099 1376 4173 excitandum

187 4227 226 4298 in
260 4227 526 4320 discipulorum
552 4226 687 4298 animis
714 4249 845 4299 earum
871 4227 1039 4299 studium
1064 4227 1291 4321 pertinebat.
1324 4229 1379 4301 At

186 4355 312 4428 subito
344 4358 494 4449 praeter
524 4353 694 4426 omnium
728 4354 1044 4448 exspectationem
1071 4353 1111 4424 in
1136 4355 1259 4428 medio
1284 4356 1379 4430 inte·

185 4506 275 4578 grae
300 4484 439 4558 aetatis
464 4484 587 4577 spatio
613 4483 661 4554 ab
686 4482 822 4556 invidis
847 4482 974 4555 Parcis
995 4504 1016 4554 e
1038 4480 1133 4555 vivis
1154 4486 1306 4578 ereptus
1326 4507 1376 4557 es.
