3424 5320
893 472 941 545 54

314 665 382 740 διὰ
414 668 484 755 τὴν
511 666 577 740 ’τοῦ
605 663 734 763 ἰατροῦ
758 665 1052 760 μοχθηρίαν-
1077 667 1115 736 εἰ
1132 663 1277 752 ταύτην
1301 664 1368 752 τὴν
1395 667 1506 760 θερα-

314 798 424 868 πείαν
446 796 731 893 θεραπεύσοιτο,
753 818 774 868 0
794 794 930 890 quibus
951 775 1069 866 nemo
1078 815 1155 866 non
1176 793 1377 888 intellegit,
1400 815 1508 866 rcum

314 923 496 1014 voluisse,
516 925 632 996 rtatim
654 946 765 998 senex
785 921 950 995 traditus
970 923 1068 994 essct
1090 919 1181 1010 bono,
1203 920 1342 1015 quique
1362 919 1508 992 homini

314 1051 441 1124 saucio
462 1050 678 1145 viribusque
699 1049 866 1125 confecto
883 1047 1022 1122 mederi
1034 1048 1221 1143 potuisset
1233 1046 1388 1120 medico.
1403 1045 1507 1131 Quod

313 1176 432 1271 igitur
452 1199 556 1267 reus,
577 1180 711 1272 utpote
728 1199 846 1273 perse
859 1175 950 1249 satis
963 1175 1221 1271 perspicuum,
1237 1174 1387 1248 silentio
1401 1197 1507 1268 prae·

314 1303 433 1394 teriit,
454 1304 493 1376 id
513 1326 559 1378 011
571 1327 638 1378 sua
651 1308 759 1400 parte
773 1307 968 1378 accusator
980 1303 1150 1377 consulto
1164 1305 1203 1375 et
1215 1302 1369 1398 quidem
1383 1301 1506 1396 sophi-

314 1430 410 1503 stica
434 1431 637 1505 disserendi
660 1433 807 1505 ratione
832 1454 924 1505 usus
950 1430 1174 1504 abscondere
1194 1432 1364 1504 conatur.
1387 1426 1506 1502 Accu-

316 1559 419 1631 sator
449 1558 548 1631 enim
574 1559 631 1630 ita
655 1562 780 1633 totam
803 1582 887 1632 rem
912 1557 1108 1648 describit,
1134 1557 1241 1653 quasi
1266 1558 1353 1651 post
1376 1555 1509 1629 infelix

316 1684 413 1757 illud
437 1686 629 1758 certamen
654 1685 770 1776 duae,
795 1708 892 1780 quae
914 1685 1004 1758 iniri
1023 1688 1197 1780 possent,
1220 1684 1363 1759 fuerint
1375 1684 1510 1778 agendi

318 1812 500 1902 rationes,
539 1813 615 1886 scil.
651 1815 698 1886 ut
729 1818 798 1887 aut
824 1812 1010 1904 medicus,
1045 1813 1111 1907 qui
1145 1813 1304 1887 vulnera
1338 1813 1510 1901 curaret,

319 1942 587 2030 arcesseretur,
622 1943 709 2031 aut,
743 1943 873 2014 utrum
903 1940 1110 2014 sanitatem
1134 1943 1374 2034 recuperaret
1399 1961 1512 2014 0011011

320 2091 369 2140 an
396 2067 540 2156 minua,
575 2067 644 2141 soli
678 2067 854 2143 fortunae
879 2068 1193 2143 committeretur.
1220 2067 1270 2140 Et
1295 2089 1404 2155 sane,
1429 2067 1512 2141 iure

319 2217 387 2268 suo
412 2197 630 2289 exspectare
654 2197 799 2290 potuit,
825 2196 905 2271 fore
929 2199 995 2286 ut,
1018 2196 1050 2268 si
1074 2217 1157 2268 rem
1180 2197 1221 2268 in
1248 2217 1335 2268 cum
1356 2195 1511 2270 modum

320 2325 528 2412 narrasset,
562 2322 703 2397 iudices
734 2347 811 2398 non
842 2324 955 2397 nimis
990 2322 1099 2397 anxie
1124 2323 1274 2418 singula
1301 2323 1402 2396 dicta
1427 2344 1512 2396 exa·

322 2449 532 2539 micantea,
566 2472 664 2543 quae
697 2450 845 2524 fecisset
879 2453 919 2524 01
943 2451 1082 2524 diceret
1106 2451 1321 2544 probarent.
1348 2448 1513 2541 1111100,

321 2577 386 2671 qui
423 2576 550 2671 quiete
584 2578 624 2651 et
661 2577 861 2673 diligenter
898 2577 1046 2673 singula
1081 2579 1196 2652 verba
1230 2577 1513 2674 perpendimuS,

321 2727 397 2778 non
421 2703 478 2776 ita
500 2703 609 2778 facile
630 2705 798 2800 decipere
818 2708 957 2802 potest.
978 2704 1179 2780 Neminem
1200 2707 1300 2780 enim
1318 2707 1514 2800 praeterit,

322 2854 409 2905 cum
442 2833 488 2906 dc
519 2833 634 2907 tertio
670 2833 735 2909 1110
771 2835 954 2925 tacuisse,
988 2835 1076 2910 scil:
1102 2857 1190 2907 curn
1214 2835 1379 2908 medicus
1404 2834 1514 2908 advo·

321 2960 459 3033 candus
493 2963 608 3050 00001,
643 2960 731 3057 eligi
764 2961 931 3056 potuisse
964 2964 1053 3051 aut,
1087 2960 1154 3055 qui
1177 2983 1295 3056 prava
1320 2961 1515 3035 curatione

320 3086 553 3161 imbecillum
585 3089 914 3182 pessumdaturus,
949 3090 1039 3178 aut,
1068 3087 1134 3183 qui
1159 3110 1247 3161 eum
1272 3089 1392 3182 perite
1416 3100 1515 3162 trac·

321 3216 408 3286 tans
441 3216 531 3309 apta
564 3216 750 3290 medicina
782 3215 1047 3290 sublevaturus
1080 3216 1188 3289 00001.
1218 3215 1280 3288 Ita
1304 3214 1343 3286 id
1367 3215 1514 3309 ipsum,

321 3341 421 3436 quod
466 3365 552 3416 rcus
598 3344 746 3417 crimini
783 3345 970 3434 verterat,
1008 3345 1265 3417 accusatorem
1302 3343 1515 3418 adhibuisse

321 3471 529 3567 μοχθηρὸν
564 3469 719 3568 ἰατρόν,
753 3471 904 3545 silentio
936 3470 1152 3562 abscondit,
1187 3472 1287 3567 quod
1322 3472 1440 3546 etiam
1472 3471 1514 3544 in

322 3598 564 3692 sequentibus
591 3600 763 3674 consulto
788 3598 900 3672 celari
927 3598 1117 3688 videmuS,
1143 3623 1229 3674 cum
1255 3598 1411 3675 dicitur:
1434 3606 1515 3683 πῶς

322 3728 373 3801 ἂν
398 3726 511 3812 ἄλλος
532 3755 594 3814 τις
614 3733 636 3819 ἢ
659 3729 679 3802 ὁ
696 3727 942 3821 βιασάμενος
953 3731 1054 3818 ἡμᾶς
1066 3734 1244 3827 χρῆσθαι
1259 3730 1363 3823 αὐτῷ
1376 3729 1515 3822 φονεὺς

321 3861 376 3947 εἴη
407 3855 469 3929 ἄν.
504 3856 585 3931 Ηο0
616 3857 735 3952 igitur
768 3859 845 3947 est,
872 3856 972 3952 quod
997 3859 1125 3932 nostro
1151 3857 1232 3930 loco
1258 3859 1515 3931 accusatorem

322 3985 456 4082 diruisse
494 3986 607 4078 puto:
645 3986 746 4079 quod
784 4008 892 4076 reus,
931 4007 1016 4058 cum
1053 4007 1120 4078 per
1159 3984 1345 4058 medicum
1383 4006 1515 4058 senem

320 4116 516 4187 mortuum
555 4135 633 4187 0000
670 4114 863 4208 perhibet,
902 4113 996 4186 mihi
1034 4113 1073 4184 id
1111 4112 1259 4185 0111111111
1293 4113 1376 4202 det,
1402 4111 1512 4186 valde

321 4241 455 4331 miror,
494 4264 584 4313 nam
622 4263 707 4314 mea
746 4242 857 4335 culpa
890 4264 978 4314 eum
1010 4240 1125 4313 morti
1162 4239 1399 4328 occubuisse,
1434 4238 1514 4312 sine

322 4367 435 4441 dubio
461 4368 579 4441 etiam
606 4368 778 4459 dixisset,
805 4368 836 4441 si
862 4368 1105 4443 vulneratum
1132 4366 1276 4440 medico
1305 4365 1514 4439 curandum

322 4517 405 4568 non.
429 4496 688 4587 tradidissem,
721 4495 853 4591 utique
884 4519 972 4592 ergo
1006 4494 1085 4568 eius
1120 4498 1281 4568 mortem
1316 4494 1358 4566 in
1390 4514 1515 4566 meam
