3424 5320
928 461 974 534 96

354 673 456 724 mam
490 651 604 740 duco,
638 650 883 745 repetitione,
909 652 1120 726 accuratius
1144 652 1334 746 quoddam
1360 656 1544 729 constitu-

353 782 438 852 tum
463 779 523 853 sit.

403 906 503 1000 565.
538 907 625 1001 ἐμοὶ
656 905 731 1001 μὲν
769 907 843 1005 γαρ
877 917 928 1005 τῷ
952 912 1005 1002 μὴ
1031 908 1271 1006 εἰργασμένῳ
1293 919 1475 986 τοσοῦτον
1499 913 1547 986 τὸ

352 1039 600 1134 μακρότατον
632 1050 699 1126 τῆς
725 1036 959 1133 αἰιοκρίσεώς
986 1039 1114 1123 ἐστιν,
1141 1040 1201 1113 ὅτι
1227 1041 1297 1114 οὐκ
1321 1045 1545 1139 εἴργασμαι.

353 1175 404 1263 τῷ
429 1164 471 1239 δὲ
498 1171 698 1254 ποιήσαντι
724 1164 846 1264 ῥᾳδία
873 1168 981 1240 ἐστὶν
1007 1171 1027 1255 ἡ
1049 1165 1264 1254 ἀπόδειξις,
1289 1169 1431 1261 καὶμὴ
1454 1169 1546 1242 cino·

354 1293 523 1380 δείξαντι
547 1286 586 1368 εὖ
613 1294 780 1367 εἰκάσαι.
807 1305 848 1367 οἱ
869 1294 944 1388 μὲν
969 1293 1044 1392 γαρ
1069 1305 1370 1392 πανουργοῦντες
1396 1297 1481 1386 ἅμα
1508 1327 1548 1370 τε

353 1433 611 1520 πανουργοῦσι
639 1424 706 1496 καὶ
732 1429 931 1519 πρόφασιν
955 1425 1172 1520 εὑρίσκουσι
1197 1431 1264 1497 τοῦ
1290 1421 1548 1514 ἀδικήματος·

354 1561 406 1648 τῷ
426 1549 467 1624 δὲ
488 1554 540 1644 μὴ
561 1551 799 1650 εἰργασμένῳ
811 1553 982 1647 χαλεπὸν
995 1553 1079 1648 περὶ
1092 1559 1170 1625 τῶν
1183 1551 1348 1652 ἀφανῶν
1364 1552 1545 1643 εἰκάζειν.

354 1680 435 1752 Etsi
466 1681 683 1770 universae,
719 1703 816 1774 quae
850 1680 908 1753 his
945 1681 1088 1771 verbis,
1115 1684 1175 1754 sat
1199 1680 1408 1754 difficilibus
1433 1682 1548 1755 intel-

353 1809 476 1898 lectu,
499 1809 619 1881 inesse
645 1809 780 1897 debet,
807 1810 1019 1882 sententiae
1046 1809 1337 1904 explicationem
1362 1810 1548 1904 pulcram,

353 1958 524 2031 quaeque
549 1936 659 2009 facilc
685 1936 877 2025 arrideat,
898 1936 1074 2031 praebuit
1093 1936 1385 2028 Herwerdenus,
1405 1937 1546 2013 Mncm.

354 2064 421 2154 XI,
449 2087 533 2159 pag.
562 2063 651 2150 216,
677 2067 809 2136 tamen
834 2065 934 2157 quod
961 2063 1009 2135 ad
1034 2063 1183 2158 singula
1206 2065 1339 2155 verba,
1358 2065 1452 2137 mihi
1463 2087 1550 2160 per·

355 2192 504 2266 suaderi
527 2215 602 2265 non
624 2193 768 2285 potest,
791 2191 919 2264 omnia
940 2191 1017 2263 iam
1035 2213 1169 2264 vacare
1191 2191 1422 2266 difficultate.
1444 2191 1549 2265 Nam

355 2321 387 2392 si
420 2323 548 2394 orator
580 2320 691 2392 dicit:
731 2319 897 2406 ,sceleris
931 2341 1019 2392 vero
1045 2319 1191 2392 auctori
1215 2318 1322 2392 facile
1346 2320 1467 2392 estid
1491 2320 1548 2392 in·

354 2449 477 2522 dicare
500 2451 559 2537 et,
584 2447 615 2519 si
641 2469 717 2519 non
743 2447 980 2535 indicaverit,
1008 2447 1213 2540 speciosam
1240 2470 1445 2541 proponere
1458 2470 1546 2521 con-

353 2573 573 2664 iecturam’',
599 2573 697 2646 male
720 2596 780 2647 me
801 2574 915 2647 habet
939 2573 1096 2647 verbum
1122 2574 1171 2659 ,si
1198 2575 1547 2665 nonindicaverit,''

353 2726 421 2797 pro
454 2724 529 2797 quo
553 2700 691 2795 potius¹
714 2702 992 2795 exspectamus:
1032 2699 1082 2786 ,si
1116 2699 1280 2774 indicare
1313 2725 1390 2776 non
1423 2703 1546 2778 vult.’'

352 2830 454 2903 Nam
478 2832 581 2903 recte
605 2828 801 2922 sequentia
827 2830 1002 2918 monent,
1024 2826 1283 2903 malefactores
1304 2830 1434 2904 eodem
1446 2835 1544 2904 tem-

353 2982 462 3053 pore,
487 2980 562 3052 quo
584 2957 702 3030 scelus
729 2956 855 3030 animo
881 2956 1094 3051 concipiant
1119 2957 1236 3030 etiam
1261 2959 1442 3052 reperire,
1467 2984 1546 3055 quo

352 3088 464 3180 pacto
496 3084 670 3156 futurum
703 3084 822 3156 scelus
856 3084 913 3156 ita
938 3083 1148 3177 explicent,
1183 3088 1229 3157 ut
1263 3090 1429 3161 asemet
1454 3089 1545 3183 ipsis

353 3215 531 3287 avertant
562 3211 818 3304 suspicionem.
854 3210 1015 3285 Possunt
1047 3212 1165 3307 igitur
1200 3216 1269 3286 aut
1297 3215 1417 3288 scelus
1443 3238 1544 3289 com-

354 3342 513 3414 missum
550 3338 734 3428 indicare,
772 3342 861 3427 aut,
898 3339 930 3411 si
964 3362 1040 3412 non
1073 3339 1275 3414 indicaturi
1308 3346 1417 3429 sunt,
1441 3347 1545 3418 certe

354 3469 558 3563 speciosam
591 3466 636 3538 de
671 3489 714 3539 eo
748 3488 955 3560 proponere
979 3468 1245 3543 coniecturam.
1272 3471 1368 3556 Quid
1395 3473 1544 3544 multat

354 3594 661 3670 Scribcndumnc:
690 3595 758 3666 καὶ
782 3597 833 3685 μὴ
860 3594 1123 3684 ἀιτοδείξοντιῖ

402 3725 447 3796 In
480 3723 793 3816 subsequentibus
819 3727 1023 3800 articulum
1051 3731 1095 3801 τό
1122 3731 1212 3802 ante
1237 3718 1276 3802 εὖ
1301 3730 1455 3804 εἰκάσαι
1481 3733 1545 3806 de-

353 3853 492 3942 sidere,
530 3852 658 3924 abesse
691 3857 821 3926 autem
857 3856 987 3927 malim
1014 3857 1186 3930 voculam
1212 3846 1251 3931 εὖ
1277 3861 1367 3931 ante
1391 3859 1546 3934 εἰκάσαι

354 3982 534 4053 additam.
567 3977 668 4052 Nam
701 3982 771 4053 etsi
797 3983 1051 4074 concedimus,
1078 4006 1183 4073 eum,
1208 3986 1273 4078 qui
1300 3986 1417 4060 scelus
1444 4010 1543 4062 com·

287 4125 289 4132 ·
355 4111 534 4184 missurus
568 4108 637 4197 sit,
670 4107 779 4181 facile
813 4111 956 4205 aliquid
989 4113 1220 4186 comminisci
1253 4137 1379 4207 posse,
1403 4105 1478 4211 quo
1504 4141 1546 4192 se

354 4241 506 4334 postca,
543 4257 651 4308 reum
689 4234 854 4327 factum,
888 4239 1043 4312 crimine
1078 4242 1283 4334 purgatum
1317 4244 1364 4315 iri
1398 4248 1544 4339 speret,

354 4369 483 4438 tamen
516 4363 678 4435 nimium
703 4366 760 4436 est
786 4364 926 4457 dicere,
952 4366 1060 4439 facile
1087 4389 1188 4457 csse,
1212 4369 1350 4442 bonam
1376 4373 1400 4444 i.
1426 4395 1457 4446 e.
1484 4373 1545 4445 cui

355 4517 483 4567 omnes
529 4492 702 4582 credant,
740 4517 946 4590 proponere
980 4496 1245 4572 coniecturam.
1285 4499 1417 4596 Neque
1455 4501 1545 4574 talis
