3366 5324
154 699 283 787 turas,
309 696 386 769 scil.
413 707 482 771 ποῦ
507 721 574 792 pro
600 699 786 772 codicum:
813 701 881 791 (τι)
903 700 948 773 ου’
968 703 1007 771 ct
1028 705 1050 791 ἢ
1071 699 1132 784 τίς
1153 721 1220 793 pro
1235 703 1352 783 εἴτις.

154 825 227 897 His
260 825 380 898 causis
407 825 590 915 adducor,
618 829 663 899 ut
689 827 861 917 credam,
887 828 1098 922 graviorem
1124 828 1161 899 h.
1184 828 1209 900 1.
1235 828 1354 902 latere

154 953 421 1047 corruptelam.
458 953 562 1027 Licet
599 957 730 1027 autem
767 955 969 1048 probabilis
1009 955 1225 1028 coniectura
1259 956 1354 1028 mihi

154 1103 234 1154 non
259 1081 297 1152 in
325 1084 492 1154 mentem
516 1082 664 1171 veniat,
692 1084 821 1155 tamen
847 1082 1039 1174 indicabo,
1065 1083 1155 1177 quid
1180 1084 1257 1157 fere
1274 1084 1310 1157 h.
1325 1086 1350 1158 1.

155 1209 471 1302 exspectaverim,
501 1209 597 1283 scil:
627 1212 648 1283 ὁ
674 1208 717 1283 δὲ
742 1213 812 1284 οὐκ
836 1213 997 1309 ἔλεγχον
1021 1213 1240 1307 παρασχὼν
1262 1211 1351 1288 οὐδὲ

153 1337 359 1430 βάσανον,
387 1339 433 1410 ον’
458 1333 571 1426 δίκην
592 1336 744 1412 δώσω(Ξ
764 1341 788 1399 ”l
816 1341 1025 1434 <ἔμελλ>1ν
1047 1346 1093 1430 (ἢ
1113 1341 1351 1434 mulceor>

154 1466 540 1563 ἐλεγχθῆσεσθαι;
567 1467 708 1540 sciebat
734 1468 855 1558 enim,
882 1491 921 1542 se
942 1470 1182 1542 moriturum.
1206 1471 1267 1543 Ita
1287 1470 1349 1544 de·

153 1617 261 1666 mum
286 1595 408 1667 iustus
433 1598 592 1689 paratur
616 1596 799 1668 transitus
821 1596 870 1668 ad
890 1597 1106 1691 sequentia,
1128 1598 1192 1671 ubi
1214 1599 1348 1672 verba:

154 1719 374 1806 ἀκινδύνως
400 1719 441 1795 δὲ
464 1723 611 1817 μέλλων
635 1736 842 1820 μαρτυρεῖν
869 1746 955 1797 cum
981 1725 1150 1819 emphasi
1172 1729 1350 1819 repetunt

153 1853 403 1943 sententiam,
426 1876 501 1947 qua
522 1852 767 1924 cumulantur
788 1851 1060 1925 antecedentia.
1085 1851 1219 1925 Servus
1242 1875 1349 1947 erge,

153 1980 290 2053 mortis
322 1980 501 2054 instantis
535 1979 606 2052 sibi
639 1980 827 2068 nonenim,
862 1980 979 2052 etiam
1014 1981 1156 2075 optime
1188 1981 1349 2069 sciebat,

152 2129 193 2181 se
218 2131 295 2181 non
315 2109 569 2182 excruciatum
590 2107 638 2179 iri
658 2108 880 2192 tormentis,
899 2129 1021 2201 neque
1040 2106 1127 2179 falsi
1140 2107 1349 2181 testimonii

154 2236 371 2309 convictum
405 2236 468 2326 iri,
503 2257 623 2329 neque
653 2235 770 2329 igitur
794 2256 952 2329 poenas,
978 2257 1071 2328 quas
1099 2234 1130 2306 si
1155 2235 1348 2308 convictus

155 2366 275 2452 esset,
299 2362 491 2436 soluturus
516 2363 668 2450 fuisset,
694 2362 920 2434 soluturum.

206 2491 286 2582 58.
325 2491 460 2564 ὁπόσοι
497 2490 571 2588 γοὶρ
609 2488 746 2564 δοῦλοί
772 2516 843 2582 μοι
877 2487 1066 2580 ἢδοῦλαί
1084 2489 1171 2575 εἰσι,
1196 2490 1348 2575 πάντας

154 2618 404 2716 παραδίδωμι
429 2620 664 2713 βασανίσαι·
688 2621 756 2693 καὶ
770 2619 839 2692 εὀὶν
853 2623 907 2715 μὴ
921 2627 1034 2712 φανῶ
1047 2622 1165 2716 ταύτῃ
1178 2633 1222 2714 τῇ
1235 2621 1348 2694 νυκτὶ

156 2754 199 2826 ἐν
220 2757 313 2848 οἴκῳ
333 2748 532 2826 καθεύδων
555 2756 576 2841 ἢ
598 2752 758 2837 ἐξελθών
778 2777 858 2839 ποι,
881 2752 1053 2849 ὁμολογῶ
1075 2751 1212 2844 φονεὺς
1233 2748 1347 2824 εἶναι.

155 2880 224 2953 His
261 2880 385 2953 verbis
421 2899 548 2967 reum,
582 2880 613 2950 si
649 2883 774 2952 totam
807 2880 938 2964 huius,
976 2902 1090 2974 quam
1122 2879 1348 2952 defensionis

156 3030 270 3081 causa
301 3007 435 3097 habet,
472 3006 653 3080 orationis
678 3011 856 3079 naturam
883 3008 996 3102 paulo
1023 3007 1234 3080 accuratius
1262 3029 1348 3080 con-

153 3136 405 3230 templamur,
438 3135 557 3209 dicere
591 3140 870 3230 exspectamus,
905 3159 944 3208 se
977 3135 1139 3209 libenter
1171 3135 1275 3208 caedi
1307 3159 1349 3210 se

154 3262 318 3335 adfinem
352 3285 431 3335 esse
463 3261 595 3350 fateri,
630 3263 661 3335 si
695 3262 876 3336 damnosa
909 3263 975 3335 illa
1006 3267 1115 3336 nocte
1140 3286 1206 3359 per
1231 3265 1346 3358 quod-

153 3414 335 3486 cumque,
361 3392 421 3466 vel
448 3391 648 3465 minimum
673 3393 854 3487 temporis
876 3393 1040 3487 spatium
1055 3392 1346 3467 domisuaenon

153 3520 268 3593 fuisse
293 3520 548 3593 convincatur.
576 3519 629 3591 At
651 3520 739 3592 talis
764 3519 1029 3613 interpretatio
1054 3543 1100 3594 ex
1120 3520 1228 3615 ipsis,
1250 3544 1347 3615 quae

153 3648 379 3737 traduntur,
414 3647 537 3720 verbis
571 3649 652 3720 erui
677 3670 753 3721 non
778 3647 836 3719 ita
861 3647 971 3721 facile
995 3651 1129 3742 potest.
1159 3648 1225 3722 Sat
1252 3650 1347 3723 mire

153 3780 284 3851 autem
310 3776 478 3850 codicum
503 3775 616 3850 lectio
642 3799 749 3850 reum
775 3775 1046 3849 vociferantem
1073 3776 1182 3849 facit:
1212 3799 1346 3850 senon

153 3905 428 3992 infitiaturum,
453 3903 583 3977 sceleri
608 3927 647 3977 se
672 3903 876 3978 obnoxium
903 3924 1000 3991 esse,
1027 3903 1059 3975 si
1084 3926 1159 3976 non
1186 3926 1345 3999 apparu·

154 4033 248 4121 erit,
273 4032 340 4104 illa
365 4033 476 4104 noete
501 4052 540 4103 se
565 4032 668 4104 domi
688 4052 862 4104 somnum
884 4030 1033 4124 cepisse.
1055 4031 1175 4122 Nam,
1197 4030 1347 4104 etiamsi

152 4158 383 4235 testimoniis
413 4159 585 4247 invictis,
620 4158 658 4230 id
691 4158 749 4230 ita
773 4179 852 4231 esse
877 4158 1189 4249 demonstrasset,
1217 4162 1346 4231 tamen
1419 4171 1422 4178 '

153 4289 224 4361 hoc
256 4287 361 4360 nullo
395 4286 506 4359 modo
540 4287 581 4358 in
614 4308 694 4359 rem
718 4307 825 4358 suam
853 4290 1000 4360 vertere
1025 4286 1221 4380 potuisset.
1249 4285 1347 4357 Fieri

153 4416 254 4490 enim
285 4415 429 4510 potuit,
455 4419 521 4506 ut,
548 4419 747 4511 postquam
770 4413 933 4506 priorem
947 4414 1068 4486 noctis
1081 4415 1230 4508 partem
1244 4413 1347 4486 domi

153 4567 244 4618 suae
270 4544 450 4639 degisset,
479 4551 582 4635 (nam
608 4540 815 4616 dormiendi
842 4541 1034 4615 notionem
1056 4563 1131 4614 non
1152 4540 1265 4615 nimis
1285 4565 1347 4614 ur-
