3424 5320
906 478 955 554 48

337 671 455 744 ticula
478 669 652 743 omnibus
672 669 950 744 reluctantibus
969 670 1010 742 in
1031 672 1181 743 textum
1202 671 1413 766 inrepserit.
1439 674 1533 748 Mihi

338 797 490 893 quidem
521 797 562 868 in
597 798 669 870 hae
701 819 743 870 re
773 797 995 892 prudentius
1022 798 1140 892 egisse
1164 797 1316 871 videtur
1340 799 1532 892 Reiskius,

338 926 403 1020 qui
435 925 527 998 haec
556 924 733 998 adnotat:
762 924 905 1019 ,liquet
931 927 1018 1020 post
1042 927 1116 998 καί
1135 925 1365 999 vocabulum
1391 928 1531 1002 deside-

241 1122 246 1129 .
336 1053 433 1142 rari,
458 1075 490 1126 e.
503 1074 534 1125 c.
562 1053 755 1144 ποριστάς.
794 1051 852 1125 Sic
872 1053 1039 1147 appellat
1058 1075 1164 1126 mare
1185 1055 1412 1148 terramque,
1434 1077 1531 1148 quaa

338 1183 504 1255 humano
536 1181 664 1276 generi
698 1181 746 1253 ad
775 1181 921 1254 victum
946 1182 1168 1276 cultumque
1192 1183 1400 1256 necessaria
1424 1206 1531 1277 prae·

337 1309 448 1393 bent,
482 1309 575 1382 item
608 1312 812 1405 συνεργούς
844 1310 965 1402 possit
998 1310 1183 1403 suppleri,
1217 1314 1287 1383 aut
1310 1310 1413 1383 aliud
1440 1310 1530 1404 quid

337 1437 494 1510 simile.'’
532 1436 663 1532 Neque
695 1441 892 1512 cunctarer
916 1436 1079 1532 recipere
1104 1437 1201 1510 hanc
1225 1437 1366 1510 Raiskii
1388 1438 1531 1511 coniec-

337 1568 486 1649 turam,
512 1587 609 1659 quae
635 1565 758 1638 multo
784 1567 903 1659 magIs
929 1565 1073 1659 placet,
1103 1587 1219 1658 quam
1242 1564 1342 1658 quod
1356 1564 1530 1660 Spengel-

337 1692 396 1764 ius
429 1690 523 1764 Mus.
557 1691 674 1763 Rhen.
710 1691 818 1764 XVII
850 1715 933 1787 pag.
973 1689 1040 1762 169
1076 1692 1256 1785 protulit:
1291 1699 1457 1786 τροφέας
1491 1720 1531 1765 τε

337 1821 407 1893 καὶ
432 1822 615 1916 τροφούς,
643 1818 715 1891 nisi
739 1819 779 1891 id
805 1841 866 1891 me
886 1819 1085 1906 retineret,
1109 1819 1209 1913 quod
1230 1820 1389 1892 verbum
1410 1847 1530 1918 παρα-

337 1947 497 2023 διδόναι
532 1951 572 2022 ε1
604 1947 743 2020 similia
775 1948 832 2019 ita
865 1946 1033 2020 adhiberi
1066 1946 1215 2036 solent,
1251 1949 1296 2019 ut
1332 1947 1392 2032 id,
1431 1949 1530 2042 quod

338 2077 521 2162 ostendit,
560 2098 672 2171 quem
705 2076 754 2148 ad
785 2075 901 2148 finem
926 2075 1102 2147 tradatur
1126 2073 1316 2147 obiectum
1342 2098 1530 2169 gramma·

337 2206 477 2295 ticum,
500 2227 577 2279 non
602 2227 668 2299 per
693 2204 857 2276 alterum
883 2202 1161 2285 accusativum,
1188 2202 1440 2296 praedicative
1465 2204 1529 2276 ad·

338 2333 481 2417 ditum,
515 2332 756 2426 significetur,
791 2329 852 2402 sed
888 2353 956 2425 per
987 2329 1235 2402 Infinitivum.
1274 2329 1410 2404 Videas
1434 2353 1465 2404 e.
1492 2354 1527 2425 g.

337 2459 526 2555 Euripidis
551 2459 671 2532 Orest.
697 2481 751 2530 vs.
780 2457 826 2529 63
852 2478 947 2551 sqq.:

460 2652 506 2736 ἣν
531 2647 604 2745 γάρ
627 2645 848 2730 κατόδκοας
874 2643 974 2737 ἔλιφ’
1001 2645 1056 2717 ὅτ’
1084 2647 1124 2730 ἐς
1154 2646 1299 2741 Τροίαν
1321 2649 1439 2738 ἔπλει,

459 2783 654 2873 παρθένον
682 2780 752 2869 ἐμῇ
778 2804 816 2848 τε
840 2778 954 2872 μητρὶ
981 2774 1198 2870 παρέδωκεν
1224 2779 1375 2872 τρέφειν

458 2906 658 2989 Μενέλαος
684 2905 842 3002 ἀγαγὼν
868 2907 1078 3000 Ἑρμιόνην
1103 2905 1284 3000 Σπάρτης
1309 2905 1402 2996 άπο,

458 3039 577 3132 ταύτῃ
602 3040 742 3131 γέγηθε
769 3035 1031 3126 καπιλρθεται
1056 3041 1198 3104 κακῶν.

385 3231 553 3305 Platonis
582 3234 712 3322 νόμων
731 3230 816 3330 ¹III,
841 3253 925 3326 pag.
954 3228 1058 3302 694d:
1086 3231 1209 3302 ε”οικεν
1235 3231 1276 3303 ἐκ
1299 3236 1390 3303 νέον
1415 3257 1526 3326 στρα-

335 3364 514 3436 τεύεσθαι
540 3359 608 3432 διά
633 3361 745 3449 βίον,
771 3371 861 3442 ταῖς
881 3359 1039 3455 γυναιξὶ
1061 3358 1252 3452 παραδοὺς
1272 3363 1361 3442 τοὺς
1380 3357 1527 3444 παῖδας

336 3497 497 3584 τρέφειν.
528 3488 607 3577 VII,
629 3510 711 3582 pag.
741 3486 844 3559 8050:
868 3493 924 3571 εἴς
945 3514 1035 3559 τινα
1057 3487 1155 3577 μίαν
1169 3495 1320 3577 οἴκησιν
1334 3495 1523 3586 ξαμφορὴ·

336 3645 493 3706 σαντες,
518 3621 562 3688 τὸ
585 3616 808 3711 λεγόμενον,
836 3619 965 3687 πάντα
993 3626 1176 3710 χρήματα
1203 3617 1414 3713 παρέδομεν
1435 3631 1525 3701 ταῖς

335 3752 490 3845 γυναιξὶ
510 3743 778 3838 διαταμιεύειν
799 3771 837 3816 τε
857 3747 926 3817 καὶ
947 3741 1131 3838 κερκίδων
1152 3745 1293 3841 ἄρχειν
1314 3749 1383 3819 καὶ
1404 3748 1525 3836 πάσης

335 3876 538 3957 ταλασίας.
570 3873 634 3944 1.1.
661 3894 744 3966 pag.
779 3872 884 3944 811⁰:
908 3915 940 3926 -
980 3876 1047 3956 οὓς
1077 3871 1163 3946 δ’άν
1188 3884 1240 3968 τῷ
1266 3876 1407 3969 ε’παίνῳ
1433 3903 1525 3968 σαμ-

335 4011 485 4097 ψήφους
511 4004 593 4096 ἔχῃ,
617 4004 768 4083 τούτοις
789 4004 992 4098 χρώμενον
1013 4001 1103 4084 τοδς
1125 4006 1237 4086 νέους
1257 4005 1391 4086 αὐτοῖς
1405 4033 1523 4100 παρα·

335 4133 496 4210 διδοναι
520 4128 723 4205 διδάσκειν
748 4157 786 4203 τε
812 4133 883 4203 καὶ
908 4128 1110 4204 παιδεύειν.
1133 4129 1187 4202 Of.
1210 4131 1327 4204 etiam
1348 4133 1422 4224 IX,
1439 4157 1522 4230 pag.

334 4264 431 4354 8710,
465 4261 620 4356 Antiph.
646 4263 692 4331 Γ.
720 4288 758 4333 α.
785 4258 852 4350 57.
879 4259 1013 4354 Lysiae
1040 4258 1110 4330 VII
1137 4257 1218 4350 §34
1243 4262 1283 4333 et
1307 4260 1398 4333 XIII
1429 4261 1521 4354 568.

383 4392 464 4466 Hac
500 4387 790 4487 argumentandi
828 4389 976 4463 ratione
1013 4391 1210 4481 tamquam
1245 4389 1353 4464 firmo
1388 4391 1522 4464 funda·

334 4524 464 4594 mento
505 4519 702 4607 insistens,
740 4520 834 4610 puto
872 4518 996 4590 locum
1033 4516 1211 4591 facIIIIme
1247 4517 1305 4591 ita
1340 4519 1523 4594 constitui
