3424 5320
904 487 951 559 68

320 675 449 745 turam
482 675 739 769 amplectaris,
773 641 907 770 utique
942 675 1064 769 perire
1088 676 1283 771 emphasin
1308 676 1509 750 verborum

320 806 631 894 παρανομώτατα
657 803 837 876 ἁπάντων
861 803 1084 900 ἀνθρώπων.
1112 803 1161 877 ut
1186 826 1338 893 revera,
1362 804 1433 876 hoc
1453 803 1509 897 ip-

319 952 404 1001 sum
429 932 545 1002 etium
571 933 664 1003 mihi
689 935 791 1018 erat,
817 954 884 1004 cur
909 931 1111 1025 aliquando
1137 931 1362 1005 conicerem:
1386 928 1508 1004 ἔτιδὲ

312 1059 463 1130 ΑΛΛΑ
496 1060 543 1153 (=
558 1059 689 1152 ἄλλα)·
725 1058 866 1148 ἐδέθην
900 1061 989 1132 cett.
1026 1058 1138 1131 Nunc
1161 1062 1311 1144 autem,
1339 1080 1425 1131 cum
1449 1059 1508 1131 vir

313 1182 550 1257 doctissimus
587 1186 730 1280 optime
766 1185 915 1276 docuit,
951 1186 1058 1279 μάλα
1094 1186 1397 1280 coniungendum
1429 1207 1508 1258 esse

313 1333 400 1383 cum
424 1313 611 1406 particule
637 1314 715 1402 ἔτι,
742 1313 839 1385 hanc
860 1316 991 1386 autem
1013 1312 1317 1386 coniunctionem
1330 1313 1508 1386 sescentis

312 1438 474 1511 stabiliri
500 1441 701 1533 exemplis,
726 1463 803 1512 non
829 1440 993 1534 amplius
1020 1441 1148 1512 adesse
1173 1442 1287 1532 puto,
1312 1461 1379 1511 cur
1397 1440 1507 1512 Auti-

313 1564 447 1658 phonti
481 1566 703 1661 derogemus
737 1567 882 1640 dicendi
907 1568 1115 1656 rationem,
1141 1589 1258 1661 quam
1284 1590 1372 1639 cum
1397 1572 1508 1654 ante,

312 1695 397 1763 tum
423 1696 508 1786 post
532 1695 612 1766 eius
638 1697 805 1768 aetatem
831 1694 1016 1766 usitatam
1041 1693 1156 1767 fuisse
1182 1694 1363 1766 videmus.

364 1820 385 1909 ἓ
402 1819 457 1891 18.
483 1822 633 1905 τούτοις
647 1823 721 1919 γάρ
734 1816 778 1924 ἢν
795 1831 904 1894 τοῦτο
918 1825 1133 1916 συμφέρον,
1147 1830 1299 1918 πρῶτον
1312 1821 1386 1911 μὲν
1403 1823 1506 1910 (ὡς)

315 1946 684 2042 ἀπαρασκευότατον
718 1957 901 2048 γενέσθαι
923 1978 970 2043 με
995 1953 1048 2042 μὴ
1075 1947 1295 2044 δυνάμενον
1320 1949 1506 2047 διαπράσ-

314 2083 456 2150 σεσθαι
488 2081 609 2153 αυτὸν
635 2081 832 2173 τάμαυτοῦ
857 2081 1086 2177 πράγματα,
1113 2080 1240 2152 ἔπειτα
1265 2086 1505 2152 κακοπαθεῖν

312 2213 363 2298 τῷ
398 2209 569 2296 σώματι,
603 2210 691 2290 τούς
724 2237 762 2282 τε
786 2208 920 2300 φίλους
946 2214 1257 2304 προθυμοτέρους
1283 2208 1391 2300 ἔχειν
1417 2208 1505 2292 τούς

314 2334 481 2423 ἐμαυτοῦ
518 2336 667 2419 τούτοις
704 2336 752 2407 τα
791 2335 906 2426 ψευδῆ
944 2345 1151 2431 μαρτυρεῖν
1189 2340 1212 2424 ἢ
1246 2336 1334 2418 ἐμοὶ
1359 2336 1503 2426 τάληθῆ

312 2461 437 2558 λέγειν
470 2459 538 2533 διοὶ
572 2467 638 2550 τὴν
673 2472 739 2536 τοῦ
773 2467 953 2555 σώματος
980 2463 1261 2537 κακοπάθειαν.
1292 2462 1442 2549 ὄνειδός
1467 2493 1504 2537 τε

312 2591 414 2685 αύτῷ
453 2619 491 2663 τε
521 2591 607 2685 ἐμοὶ
643 2595 868 2686 περιέθεσαν
898 2593 967 2665 καὶ
997 2604 1077 2676 τοῖς
1112 2593 1223 2683 ἐμοῖς
1250 2598 1502 2687 προςύκουσιν

312 2725 368 2806 εἰς
406 2725 473 2793 τὸν
501 2723 606 2811 ’βίον
644 2721 813 2795 ἅπαντα.
846 2721 950 2794 Inter
983 2721 1109 2810 varia,
1144 2721 1303 2815 quaein
1328 2720 1502 2794 hocloco

310 2872 421 2945 aegre
452 2849 549 2938 fero,
583 2849 747 2944 primum
773 2851 850 2938 est,
878 2851 978 2943 quod
1003 2850 1043 2920 in
1068 2848 1189 2922 altero
1220 2847 1418 2921 enuntiato
1441 2847 1502 2918 In-

311 2978 479 3051 finitivus
514 2984 757 3051 κακοπαθεῖν
791 2981 893 3051 caret
927 2978 1116 3066 subiect0,
1142 2976 1241 3071 quod
1268 2979 1313 3048 ut
1338 2977 1501 3049 orationi

309 3107 554 3197 restituatur,
580 3106 820 3180 inserendum
845 3110 939 3200 puto
964 3127 1169 3198 pronomen
1194 3133 1241 3195 με
1261 3104 1500 3178 interitura

313 3241 554 3307 κακοπαθεῖν
579 3236 619 3307 00
641 3241 694 3329 τῷ
716 3235 866 3325 σώματι

361 3361 503 3434 Deinde
527 3360 552 3433 J
554 3359 792 3448 emstedtius,
813 3383 926 3453 quem
948 3358 1219 3432 Herwerdenus
1246 3363 1396 3432 secutus
1422 3363 1500 3451 est,

314 3488 466 3562 seclusit
490 3471 724 3559 Infinitivum
752 3487 876 3584 λέγειν
900 3487 939 3557 in
966 3487 1105 3560 verbis:
1133 3488 1285 3569 τούτοις
1310 3488 1360 3558 τα
1385 3487 1499 3578 ψευδῆ

309 3626 518 3710 μαρτυρεῖν
548 3618 569 3702 ἢ
595 3614 682 3702 ε’μοὶ
709 3612 852 3704 τάληθῆ
878 3614 1011 3712 λέγειν.
1035 3613 1150 3688 Recte
1170 3614 1322 3708 quidem
1344 3637 1387 3708 00
1402 3616 1498 3688 indi-

310 3746 464 3833 carunt,
491 3743 648 3816 verbum
673 3744 799 3838 λέγειν
823 3744 909 3835 post
934 3764 1049 3837 grave
1073 3741 1169 3814 illud
1194 3742 1243 3814 τοὶ
1269 3740 1381 3832 ψευδῆ
1402 3771 1499 3840 μαρ-

310 3883 434 3967 τυρεῖν
468 3871 580 3942 nimis
613 3893 691 3944 esse
723 3871 936 3960 infirmum,
969 3894 1084 3965 quem
1117 3870 1216 3965 quod
1247 3870 1337 3943 ferri
1362 3871 1498 3966 possit,

310 4022 396 4073 cum
431 3998 651 4093 praesertim
685 3997 757 4069 tali
790 3998 901 4071 verbo
939 3997 1067 4071 addito
1100 3997 1195 4068 nihil
1220 4019 1312 4090 opus
1340 3996 1401 4069 sit.
1427 3996 1498 4070 Sed

307 4129 438 4200 tamen
470 4125 580 4200 valde
605 4123 756 4212 dubito,
782 4129 874 4196 num
904 4124 975 4196 viri
1000 4124 1099 4198 docti
1125 4125 1186 4195 sat
1212 4126 1314 4195 recte
1339 4124 1496 4218 egerint,

308 4277 394 4327 cum
419 4253 574 4327 delendo
600 4250 780 4325 vocabulo
806 4253 928 4348 λέγειν
952 4252 1047 4324 hanc
1059 4249 1321 4322 difficultatem
1335 4272 1496 4323 summo-

308 4404 395 4455 vere
429 4384 664 4456 conarentur.
697 4379 818 4451 Tanta
843 4379 943 4451 enim
970 4379 1007 4452 vi
1033 4382 1148 4470 atque
1173 4377 1343 4471 emphasi
1368 4379 1496 4450 orator

303 4510 397 4582 haec
434 4510 548 4583 verba
585 4508 746 4605 profert,
783 4510 829 4580 ut
860 4505 940 4579 fieri
973 4528 1049 4579 non
1074 4506 1213 4601 possit,
1240 4503 1330 4597 quin
1357 4503 1496 4576 ultima
