3424 5320
760 455 801 526 91

237 642 330 715 Cum
358 643 450 720 haee
475 643 684 732 conscribo,
712 643 973 718 animadverto
994 643 1273 716 Bohlmannum
1296 664 1378 737 pag.

190 769 235 842 26
269 794 344 865 seq.
380 794 447 866 pro
473 772 562 861 hae,
587 772 624 843 in
653 795 767 866 quam
795 777 834 844 et
858 773 981 865 ipsum
1008 772 1179 845 iueidisse
1203 775 1380 866 apparet,

188 900 403 973 coniectura
452 922 677 994 proponere:
734 900 1105 994 ἐπιβουλευομένων,
1149 923 1265 992 quam
1306 899 1379 972 fer-

188 1051 311 1116 mam,
344 1030 389 1099 ut
421 1030 598 1117 tueatur,
634 1028 812 1118 adnotat,
847 1029 1046 1123 partieipia
1078 1028 1204 1101 neutri
1235 1027 1380 1122 generis

188 1155 404 1248 saepissime
430 1156 626 1227 nominum
652 1156 806 1229 induere
831 1159 1021 1245 naturam,
1046 1155 1103 1227 ita
1129 1158 1175 1226 ut
1200 1155 1380 1249 temporis

187 1282 294 1354 nulla
319 1283 501 1356 habeatur
525 1284 634 1356 ratio.
668 1283 718 1356 m
743 1287 844 1356 reete
866 1305 956 1355 sane
976 1282 1046 1355 hoe
1066 1282 1175 1371 dieit,
1190 1283 1249 1356 eui
1263 1282 1379 1355 etiam

187 1411 323 1485 addere
347 1413 493 1506 potuit,
520 1411 720 1506 partieipia
745 1412 813 1483 tali
841 1411 950 1484 modo
975 1411 1173 1504 praecipue
1199 1411 1247 1483 ab
1271 1410 1407 1483 Anti--

187 1540 329 1633 phonte
366 1542 405 1612 et
444 1539 657 1633 Thucydide
695 1541 876 1633 usurpata
915 1538 1098 1624 inveniri;
1139 1537 1202 1610 sed
1239 1537 1379 1609 talibus

187 1667 278 1740 loeis
310 1689 395 1740 eum
429 1666 633 1760 Partieipio
668 1688 813 1760 semper
847 1664 1068 1738 coniunctus
1094 1668 1151 1737 est
1176 1664 1379 1754 articulus,

187 1796 227 1867 et
260 1793 494 1867 Bohlmaune
528 1793 646 1888 igitur
677 1793 916 1866 scribendum
950 1795 1067 1865 esset:
1096 1794 1138 1866 ἐκ
1162 1793 1306 1865 πολλῶν
1332 1835 1379 1844 -

186 1928 264 1995 τῶν
300 1921 662 2014 ἐπιβουλευομένων.
697 1921 931 2014 Quapropter
955 1920 1102 1993 ratione
1127 1921 1258 1993 habita
1282 1923 1378 1993 tem-

186 2051 306 2145 poris,
342 2050 441 2144 quod
467 2050 683 2144 flagitatur,
709 2047 924 2142 praeteriti,
951 2050 1118 2120 statuere
1144 2047 1264 2137 malo,
1290 2051 1380 2119 ante

187 2177 372 2272 syllabam
399 2177 466 2270 (38
500 2175 769 2271 haplographia
794 2175 972 2248 excidisse
997 2176 1056 2268 βε.
1085 2175 1145 2248 Ita
1171 2175 1203 2248 si
1225 2175 1378 2247 rescrib-

185 2305 306 2394 imus,
332 2305 460 2377 emnia
485 2327 523 2378 se
543 2304 618 2376 iam
633 2307 734 2377 reete
747 2303 960 2393 habebunt,
972 2326 1061 2376 nam
1075 2325 1176 2376 nune
1188 2303 1322 2376 verba:
1337 2302 1379 2375 ἐκ

186 2434 334 2507 πολλῶν
370 2433 750 2527 ἐπιβεβουλευμένον
783 2431 883 2504 idem
917 2432 1047 2505 valent
1076 2452 1136 2504 aa:
1167 2433 1208 2506 ἐκ
1233 2432 1379 2506 πολλῶν

186 2561 542 2654 ἐπιβουλευμάτων,
568 2561 595 2632 ἃ
621 2559 973 2654 ἐπιβεβουλευμένα
1001 2559 1117 2633 ἐστίν.

234 2689 423 2779 Ceterum,
458 2689 489 2762 si
522 2689 619 2761 hane
643 2690 917 2782 ampleetemur
941 2688 1217 2778 coniecturam,
1244 2690 1378 2780 verba,

184 2840 258 2912 quo
304 2818 344 2889 in
392 2817 516 2890 codice
560 2817 593 2888 A
639 2816 819 2910 leguntur
852 2814 981 2886 ordine
1013 2816 1169 2890 retineri
1201 2822 1378 2911 possunt,

184 2944 280 3017 scil:
308 2944 350 3015 ἐκ
376 2942 522 3016 πολλῶν
546 2939 591 3015 εἶ
595 2968 680 3015 ναι
707 2943 929 3040 φανεράν
951 2943 1057 3036 ε’πιβ.
1080 2942 1204 3017 Habes
1226 2944 1377 3039 quidem

184 3073 341 3146 verbum
375 3069 479 3146 εἶναι
508 3074 592 3166 post
617 3093 695 3144 voc.
723 3075 890 3168 φανερός
916 3073 1082 3166 positum
1105 3074 1154 3143 B.
1181 3073 1223 3166 β.
1253 3071 1328 3162 §52
1357 3074 1377 3146 ὁ

183 3198 226 3273 δὲ
260 3213 368 3289 παῖς,
401 3207 499 3299 εἴπερ
533 3201 651 3284 ἑστὼς
686 3202 851 3298 φανερὸς
885 3203 982 3292 ὑμῖν
1017 3204 1097 3273 ἐστι
1129 3203 1181 3294 μὴ
1217 3200 1376 3294 βληθείς
1456 3239 1459 3246 ,

182 3353 217 3424 q.
232 3353 260 3402 S.
288 3333 327 3402 et
353 3332 399 3402 B.
427 3359 462 3428 γ.
492 3330 574 3421 §lt
601 3326 690 3403 οὐδὲ
716 3329 869 3422 ἀφανὴς
895 3329 990 3404 atta*
1015 3329 1084 3402 καὶ
1110 3329 1200 3402 λίαν
1213 3332 1377 3426 φανερὸς

183 3459 315 3554 ἔμοιγε
348 3461 463 3532 adeor]
498 3459 519 3531 ὁ
546 3458 723 3543 θάνατός
749 3461 876 3550 ἐστιν,
903 3459 966 3532 sed
992 3457 1249 3552 praepositum
1273 3458 1375 3531 inve·

183 3586 307 3658 nimus
332 3607 363 3657 e.
377 3608 412 3679 g.
438 3588 485 3656 A.
512 3613 545 3682 γ.
572 3587 648 3676 §81
675 3593 833 3678 φάσκων
859 3586 902 3662 δὲ
928 3589 973 3660 ου’
999 3587 1088 3671 τοὺς
1113 3587 1268 3669 εἰκότως
1281 3585 1376 3657 ἄλλο’

185 3711 273 3796 τοὺς
308 3713 616 3796 οὶποκτειναντας
647 3721 793 3806 φονέας
825 3713 947 3799 εἶναι,
976 3717 1057 3812 περὶ
1080 3716 1155 3805 μὲν
1180 3722 1257 3789 τῶν
1283 3713 1374 3787 duo·

185 3842 416 3916 κτεινάντων
457 3843 586 3938 ὀρθῶς
628 3843 749 3942 λέγει,
795 3850 893 3942 εἴπερ
920 3847 1065 3944 ἐγένετο
1091 3845 1259 3940 φανερὸν
1282 3851 1376 3934 ἡμῖν

185 3970 284 4056 τίνες
308 3966 408 4062 ἦσαν
434 3981 476 4046 οἱ
499 3971 792 4057 ἀποκτείναντες
819 3975 950 4048 αὐτόν.
978 3973 1020 4047 V.
1049 3972 1149 4064 §232
1177 3973 1245 4046 καὶ
1268 3972 1289 4045 ὁ
1301 3976 1376 4064 μέν

184 4101 267 4174 ἐστι
305 4102 469 4197 φανερὸς
509 4101 634 4196 ἐκβοὶς
672 4102 715 4172 ἐκ
753 4109 818 4174 τοῦ
856 4102 985 4176 πλοίου
1024 4103 1092 4176 καὶ
1130 4103 1199 4176 oda
1234 4101 1375 4194 εἰσβάς

183 4230 307 4304 πάλιν.
332 4229 508 4303 Videmus
533 4230 671 4324 igitur,
696 4229 790 4302 nihil
813 4252 910 4322 esse,
933 4254 999 4305 eur
1019 4230 1106 4304 libri
1127 4229 1373 4304 Aleetionem

182 4362 359 4454 vulgatae
383 4360 664 4452 postponamus.

231 4487 322 4578 561.
356 4492 557 4583 τεκμήριον
590 4483 633 4559 δὲ
666 4491 854 4586 μέγιστον
880 4488 931 4572 ὡς
956 4487 1025 4561 οὐκ
1051 4487 1226 4582 ἐβούλετο
1252 4487 1372 4560 αὐτὸν
