3366 5324
893 497 942 570 44

312 689 433 760 terno.
466 686 512 758 In
545 687 615 761 hac
648 686 916 783 explicatione,
942 711 1057 782 quam
1085 687 1213 760 omnia
1236 689 1372 782 utpote
1397 689 1508 764 unice

313 817 457 888 rectam
495 838 563 889 nos
600 838 802 911 agnoscere
842 817 1002 911 cogunt,
1040 839 1116 889 non
1155 815 1252 888 bene
1289 838 1328 890 se
1365 816 1509 891 habent

312 943 512 1017 vocabula:
545 947 681 1037 μεῖζόν
715 945 760 1016 τὸ
795 945 994 1037 ἐνθύμιον,
1029 965 1096 1037 pro
1130 943 1266 1038 quibus
1293 943 1420 1038 potius
1445 966 1509 1016 ex·

313 1073 542 1165 spectamus:
588 1072 780 1167 piaculum
820 1075 1039 1161 aeternum,
1077 1072 1290 1165 piaculum,
1328 1070 1428 1164 quod
1466 1071 1509 1143 in

312 1221 424 1272 omne
455 1201 605 1293 tempus
640 1200 819 1272 manebit.
854 1201 953 1290 Hoc,
988 1200 1061 1273 nisi
1092 1199 1222 1289 fallor,
1257 1198 1374 1272 etiam
1400 1201 1507 1290 erat,

313 1349 380 1400 cur
404 1326 569 1399 Blassius
594 1350 662 1421 pro
682 1331 816 1421 μεῖζον
836 1328 1054 1402 coniecerit:
1077 1326 1239 1417 οέείζων,
1253 1326 1507 1420 quaeconiec-

312 1456 400 1525 tura
432 1456 513 1526 tam
545 1456 644 1548 quod
674 1454 722 1527 ad
756 1456 1009 1546 sententiam,
1043 1442 1159 1550 quam
1184 1454 1284 1549 quod
1309 1453 1357 1525 ad
1382 1457 1508 1529 artem

314 1581 663 1677 palaeographicam
676 1557 703 1673 ‚⁰
723 1586 823 1658 recte
861 1605 900 1656 se
936 1583 1068 1674 habet,
1108 1606 1196 1657 cum
1232 1582 1369 1672 etiarn,
1406 1582 1508 1677 quod

314 1709 504 1803 poeticum
534 1733 624 1804 prae
658 1734 697 1784 se
729 1711 805 1784 fert
839 1712 1021 1800 colorem,
1045 1714 1187 1804 (exstat
1208 1711 1307 1784 enim
1334 1709 1507 1806 Aeschyi.

315 1835 441 1929 Suppl.
476 1835 575 1928 988.)
608 1837 702 1910 bene
725 1839 767 1909 in
791 1838 888 1911 hane
913 1840 1065 1911 sanctae
1091 1837 1249 1933 piaeque
1274 1838 1508 1912 reverentiae

314 1963 464 2057 plenam
504 1964 791 2058 descriptionem
823 1965 994 2059 quadret.
1032 1964 1077 2037 Id
1114 1967 1268 2037 tantum
1293 1964 1510 2060 ingeniosae

315 2096 416 2166 certe
449 2092 583 2165 Blassii
609 2092 863 2166 emendationi
888 2094 1018 2168 obesse
1045 2095 1160 2188 puto,
1186 2091 1285 2187 quod
1310 2115 1390 2166 voc.
1418 2095 1439 2166 ὁ
1465 2091 1508 2166 δὲ

315 2222 512 2316 καθαρός,
547 2220 706 2294 subiecti
740 2243 895 2294 munere
928 2220 1110 2315 fungenS,
1143 2242 1219 2292 non
1245 2219 1393 2314 patitur
1416 2221 1509 2292 arti·

316 2348 443 2420 culum
476 2348 515 2418 in
551 2347 687 2420 verbis:
724 2346 861 2437 ἀείζων
894 2349 938 2420 τὸ
964 2348 1163 2440 ἐνθύμιον.
1192 2346 1366 2420 Conferas
1391 2348 1509 2421 eiiam

316 2477 362 2546 Γ.
397 2473 432 2547 ὃ.
469 2473 575 2566 §102
611 2476 695 2548 ὅτε
724 2477 798 2573 γάρ
822 2476 1052 2562 ἀποκτείνας
1077 2478 1210 2551 τούτου
1237 2474 1510 2562 αποθανόντος

316 2600 428 2678 οὐδὲν
460 2595 579 2692 ἧσσον
604 2615 686 2692 τοῖς
712 2604 855 2689 αἰτίοις
882 2609 1160 2702 προςτρόπαιος
1186 2605 1296 2676 ἔσται
1322 2628 1356 2699 q.
1385 2628 1412 2677 s.
1440 2604 1507 2680 Le·

316 2735 431 2827 gutur
454 2732 590 2826 igitur:
619 2731 754 2822 ἀείζων
781 2735 978 2826 ἐνθύμιον.

367 2862 387 2950 ἓ
411 2861 466 2933 10.
502 2857 627 2958 ’ὀρθῶς
656 2859 698 2935 δὲ
726 2869 803 2937 τῶν
829 2865 999 2961 ἐλέγχων
1027 2863 1265 2959 ἐλεγχόντων
1291 2863 1359 2936 τὸν
1384 2859 1507 2934 παῖδα

317 2993 510 3079 αὐθέντην
534 2991 650 3082 ὄντα,
676 2992 697 3065 ὁ
720 2996 840 3085 νόμος
864 2993 1039 3067 ἀπολύων
1063 2996 1165 3084 ἡμᾶς
1193 3002 1260 3081 τῆς
1285 2990 1419 3074 αἰτίας
1440 2991 1509 3064 τὸν

317 3119 598 3193 ἀποκτείναντα
631 3121 939 3216 καταλαμβάνει.
972 3120 1065 3193 Cum
1089 3121 1171 3193 iure
1195 3119 1324 3192 omnia
1349 3141 1508 3214 puerum

317 3248 375 3321 sui
400 3248 517 3342 ipsius
543 3248 824 3323 interfectorem
850 3272 929 3323 esse
953 3250 1205 3344 redarguant,
1231 3249 1311 3336 lex,
1336 3247 1427 3318 dum
1439 3268 1508 3320 nos

318 3377 499 3465 absolvit,
525 3376 809 3452 interemtorem
835 3378 1071 3452 condemnat.
1097 3377 1153 3450 Ut
1174 3377 1232 3449 his
1253 3375 1375 3450 verbis
1397 3397 1508 3447 suum

317 3504 563 3578 restituamus
589 3525 791 3594 conexum,
818 3528 910 3600 opus
936 3506 1030 3595 crit,
1055 3508 1101 3578 ut
1125 3505 1192 3577 illa
1213 3505 1253 3576 in
1273 3502 1383 3576 initio
1397 3501 1508 3575 collo·

318 3633 406 3704 cata
438 3631 563 3726 ὀρθῶς
596 3628 644 3702 δέ
672 3633 881 3726 postposito
915 3633 1171 3730 hypostigmes
1196 3632 1301 3726 signo
1326 3653 1349 3701 a
1374 3630 1510 3703 statim

317 3757 628 3852 subsequentibus
653 3759 823 3832 seiuncta
844 3760 890 3833 ad
911 3762 1070 3834 verbum
1092 3759 1390 3852 καταλαμβάνει
1407 3779 1508 3852 spec·

317 3888 401 3958 turc
425 3885 643 3958 indicemus.
670 3885 731 3958 Ita
756 3888 942 3983 explicata
965 3890 1155 3963 sententia
1179 3886 1324 3961 nullam
1347 3885 1509 3980 amplius

319 4013 514 4107 praebebit
538 4012 812 4089 difficultatem.

807 4338 1020 4350 -ι-ι-
