3366 5324
723 515 770 589 43

149 733 247 806 quae
272 733 361 784 vere
386 711 426 783 et
450 711 552 783 reate
577 732 601 780 a
627 729 688 780 me
712 706 814 780 diota
838 709 948 797 sunt,
975 708 1148 801 suspecta
1172 704 1344 779 reddant.

149 839 254 914 Num
289 843 421 913 autem
446 839 527 913 loeo
552 838 609 911 ita
633 839 711 910 iam
738 836 918 927 satisfiat,
944 836 1117 932 equidem
1143 834 1345 909 diiudicare

150 991 228 1042 non
254 967 390 1041 ausim.

200 1095 275 1186 54.
310 1108 378 1186 τῆς
413 1093 454 1168 δέ·
490 1092 703 1191 διαδρομῆς
739 1094 871 1179 αἰτίας
897 1096 1037 1184 ταύτης
1062 1097 1285 1192 γενομένης,
1301 1092 1352 1166 ἐἰ

24 1321 25 1326 ¹
150 1221 225 1317 μὲν
245 1225 319 1298 ὑπὸ
343 1235 409 1299 τοῡ
434 1222 691 1321 παιδοτριβου
718 1224 953 1316 καλούμενος
979 1221 1191 1320 διέτρεχεν,
1213 1223 1235 1296 ὁ
1257 1250 1343 1294 παι-

153 1351 337 1449 δοτρίβης
361 1353 412 1426 ἄν
438 1354 509 1446 (ὁ)
536 1353 767 1436 ἀποκτείνας
792 1353 913 1427 αὑτὸν
938 1357 1013 1441 εὶή,
1040 1349 1194 1445 εἶδ’ύηέ
1211 1353 1346 1427 ἑαυτοῦ

152 1482 324 1565 πεισθεὶς
350 1481 533 1570 ὑπῆλθεν,
560 1482 679 1566 αὑτὸς
703 1481 769 1572 ὑφ’
798 1482 932 1555 ἑαυτοῦ
957 1477 1221 1580 διέφθαρται..
1248 1479 1347 1553 Malo

153 1633 214 1684 me
238 1611 354 1682 habet
378 1611 514 1683 horum
540 1610 740 1684 verborum
762 1610 927 1682 initium.
951 1610 1092 1682 Parum
1113 1610 1213 1682 enim
1235 1609 1346 1682 intel-

151 1737 311 1831 legitur,
342 1760 417 1832 quo
450 1739 532 1812 iure
558 1739 659 1812 adsit
683 1739 911 1813 vocabulum
938 1737 1153 1836 διαδρομῆς
1177 1742 1262 1833 post
1287 1737 1346 1812 de·

154 1863 272 1936 cisum
306 1864 403 1937 illud
437 1866 655 1960 optimeque
678 1865 719 1937 in
744 1866 799 1938 rei
825 1865 1115 1961 descriptionem
1141 1867 1346 1960 quadrans:

154 1991 383 2066 ὑπελθόντα.
410 1991 483 2064 Vix
504 1992 623 2086 igitur
643 2013 737 2087 opus
751 1992 823 2064 erit
837 1992 1051 2082 admonito,
1065 1996 1110 2065 ut
1121 1992 1349 2087 Antiphonti

154 2121 351 2192 reddatur:
380 2131 446 2211 τῆς
472 2118 727 2216 δ’ύποδρομῆς
748 2120 884 2205 αἰτίας
906 2123 1047 2210 ταύτης
1061 2124 1266 2221 γενομένης
1278 2120 1301 2191 i.
1316 2141 1347 2192 e.

156 2249 236 2321 ἐπεὶ
268 2245 310 2320 δὲ
346 2252 439 2338 αὕτη
472 2253 494 2338 ἡ
527 2246 721 2346 ύποδρομὴ
755 2249 866 2322 αἰτία
900 2251 1056 2347 ἐγένετο.
1086 2250 1146 2323 Sio
1170 2250 1248 2321 iam
1272 2268 1349 2320 rec·

155 2376 299 2450 tissime
332 2378 472 2473 exeipit
504 2378 731 2451 vocabulum
764 2377 958 2476 ύποδρομη
993 2379 1158 2452 eiusdem
1184 2376 1349 2450 notionis

156 2506 312 2580 verbum
330 2506 563 2596 ὑπελθόντα,
575 2529 666 2577 nam
678 2508 907 2604 ὑποτρέχειν
920 2508 1019 2580 idem
1034 2529 1112 2580 esse
1125 2528 1170 2579 ac
1183 2509 1350 2593 ὑπιέναι,

156 2633 215 2707 vel
260 2632 367 2727 pueri
405 2633 541 2707 sciunt.
579 2632 754 2706 Ceterum
793 2635 997 2729 unicuique
1034 2633 1144 2707 facile
1183 2632 1350 2728 patebit,

157 2763 344 2835 oratorem
377 2760 549 2833 consulto
583 2782 607 2830 a
641 2760 789 2854 vulgari
814 2761 1015 2835 verborum
1041 2760 1188 2835 ordine:
1216 2760 1351 2843 αἰτίας

158 2887 196 2962 δὲ
221 2892 425 2985 γενομένης
451 2899 517 2977 τῆς
540 2884 757 2984 ύποδρομης
781 2891 920 2977 ταύτης
934 2863 1185 2962 decessissem
1198 2888 1351 2981 quidem

156 3016 311 3106 ideireo,
343 3016 443 3110 quod
477 3037 557 3090 τοο.
590 3013 808 3112 ύποδρομης
842 3016 889 3090 ob
916 3038 1115 3110 magnam,
1140 3037 1256 3108 quam
1281 3014 1352 3088 sibi

157 3143 334 3217 oonoiliat
359 3143 458 3233 vim,
485 3165 571 3215 cum
597 3143 766 3238 emphasi
787 3144 828 3216 in
849 3143 960 3217 initio
984 3142 1243 3216 oollooandum
1256 3144 1351 3215 erat.

206 3271 281 3362 59.
318 3271 481 3364 ἔχοντός
516 3298 557 3367 γε
589 3268 636 3360 δὴ
670 3274 738 3360 τὴν
770 3268 882 3360 δίκην
907 3281 973 3346 τοῦ
999 3275 1162 3364 φονέως,
1188 3271 1257 3344 ούκ
1285 3271 1352 3344 έαν

159 3397 362 3490 ἀπολύσητε
397 3402 510 3491 ημᾶς,
546 3397 624 3471 ἀλλ’
662 3399 731 3472 έοὶν
757 3399 1021 3494 καταλάβητε,
1049 3401 1238 3491 ἐνθύμιον
1263 3399 1353 3473 ὑπο-

159 3526 348 3620 λείψεοθε.
375 3529 396 3602 ὁ
419 3531 495 3622 μὲν
520 3527 595 3626 γάρ
616 3529 734 3614 αὑτὸς
755 3529 827 3615 τοὶς
849 3530 985 3603 ἑαυτοῦ
1009 3527 1208 3626 ἁμαρτίας
1230 3533 1354 3623 φέρων

160 3654 285 3730 ούδενὶ
319 3655 433 3731 οὐδὲν
465 3661 747 3755 προςτρόπαιον
778 3657 1013 3748 καταλειιμει·
1053 3660 1074 3731 ὁ
1107 3655 1149 3730 δὲ
1175 3658 1354 3754 καθαρὸς

162 3797 227 3876 τῆς
264 3785 399 3870 αι’τιας
435 3782 499 3860 ὅδε
530 3786 598 3858 εἀν
633 3783 856 3882 διαφθαρῇ,
891 3797 974 3870 τοῖς
1000 3786 1354 3881 καταλαμβάνουσι

161 3918 296 4009 μεῖζον
326 3915 371 3987 τὸ
404 3915 594 4005 ἐνθύμιον
631 3921 838 4011 γενήσεται.
873 3914 1020 3988 Horum
1046 3914 1248 3988 verborum
1273 3935 1353 3986 sen·

161 4043 284 4116 tentia
316 4043 409 4115 haee
438 4041 515 4116 fere
541 4046 614 4115 est:
644 4044 823 4137 quoniam
848 4043 1073 4116 interemtor
1097 4063 1235 4137 poenas
1261 4040 1355 4131 luit,

162 4194 236 4244 non
270 4169 497 4244 absolvendo
530 4169 595 4243 sed
630 4163 913 4245 condemnando
940 4193 1001 4244 me
1026 4171 1220 4265 piaculum
1246 4169 1355 4241 relin-

163 4300 296 4393 quetis.
336 4298 437 4371 Nam
474 4297 559 4388 ille,
596 4299 662 4392 qui
695 4321 782 4371 suas
815 4299 894 4393 ipse
928 4298 1003 4372 fert
1038 4298 1185 4390 culpas,
1212 4295 1357 4368 nemini

163 4417 352 4522 piaeuium
385 4425 593 4520 relinquet,
618 4426 679 4498 hie
704 4427 834 4498 autem
859 4427 1005 4514 insane,
1032 4425 1064 4496 si
1091 4423 1356 4515 damnabitur,

163 4554 267 4628 vobis
299 4554 410 4649 ipsis,
445 4554 511 4647 qui
545 4553 904 4644 condemnaveritis,
939 4553 1087 4649 piaoulo
1119 4551 1192 4628 erit
1217 4553 1352 4647 sempi-
