3424 5320
912 486 979 559 110

350 672 495 744 nullam
531 675 577 744 ut
612 671 747 745 oodiois
784 669 818 742 A
850 670 1051 744 lectionem
1089 672 1184 768 ἑώρα
1218 672 1431 745 deseramus
1465 673 1539 746 ido·

350 822 460 872 neam
499 821 652 871 oausam
692 800 857 894 reperio,
891 820 977 872 oum
1011 800 1253 892 praesertim,
1286 803 1332 872 ut
1365 800 1540 893 perfacile

350 926 544 1000 insolitum
587 927 682 1021 ἑώρα
716 927 756 998 in
790 926 976 1020 pluralem
1008 926 1131 1023 ἑώρων
1164 927 1268 999 abire
1304 926 1450 1019 potuit,
1484 927 1539 998 ita

348 1053 498 1126 difficile
532 1053 583 1125 sit
616 1054 782 1144 eredere,
815 1053 990 1143 solitum,
1015 1053 1188 1146 quodque
1212 1053 1401 1126 neminem
1427 1053 1538 1126 offen-

348 1180 417 1252 dat
443 1180 566 1274 ἑώρων
593 1183 786 1251 mutatum
812 1201 889 1252 esse
913 1179 953 1251 in
979 1180 1087 1275 ἑώρα.

398 1305 498 1397 ἓ41.
545 1311 743 1398 σκέψασθε
782 1304 823 1379 δὲ
862 1309 939 1379 καί
968 1335 1036 1398 μοι
1074 1312 1268 1400 μνήσθητε
1306 1295 1335 1377 ὦ
1375 1304 1534 1401 ἄνδρες·

349 1445 470 1508 ταῦτα
506 1434 580 1532 γάρ
613 1437 660 1507 ου’
690 1437 814 1526 μόνον
850 1437 1041 1530 μάρτυσιν
1074 1438 1171 1527 ὑμῖν
1205 1432 1412 1521 ἀποδείξω,
1441 1433 1537 1506 ἄλλο’

350 1563 419 1633 καὶ
452 1565 491 1647 ἐξ
527 1563 655 1635 αὐτῶν
679 1571 755 1635 τῶν
782 1563 902 1659 ἔργων
927 1562 953 1633 ἃ
980 1564 1130 1646 τούτοις
1156 1567 1371 1658 πέπρακται
1397 1557 1538 1656 ῥᾳδίως

348 1691 541 1785 γνώσεσθε
565 1691 624 1763 ὅτι
652 1670 774 1780 άλὴθῆ
800 1692 903 1787 λέγω.
931 1693 999 1762 καὶ
1025 1700 1172 1788 πρῶτον
1198 1690 1224 1761 ἃ
1250 1699 1316 1763 τοῦ
1343 1689 1538 1782 βασιλέως

348 1826 602 1914 κατηγοροῦσι
633 1821 700 1890 καὶ
736 1817 804 1889 ὃιοὶ
828 1821 896 1906 τὴν
924 1819 1019 1910 ἐμὴν
1044 1816 1278 1907 arsopoleos
1305 1843 1430 1908 φασιν
1455 1817 1537 1889 ἐθέ-

347 1945 426 2018 λειν
463 1948 582 2019 αὐτὸν
617 1945 911 2043 ἀπογράφεσθαι
949 1949 1017 2034 τὴν
1055 1944 1186 2036 δίκην,
1224 1955 1334 2020 τοῦτο
1373 1942 1415 2017 δὲ
1453 1941 1535 2016 κατ’

348 2075 477 2148 αὐτῶν
502 2077 643 2148 τούτων
668 2076 775 2148 ἔσται
803 2081 1006 2172 τεκμήριον
1027 2075 1088 2146 ὅτι
1110 2077 1179 2147 οὐκ
1203 2075 1326 2164 ἀληθῆ
1348 2075 1535 2171 λέγουσιν.

348 2202 441 2274 Oum
467 2205 557 2275 ante
581 2205 696 2276 verba
720 2201 786 2276 διὰ
811 2207 877 2292 τὴν
903 2206 995 2294 ἐμὴν
1022 2200 1188 2291 σπουδὴν
1210 2201 1465 2275 subaudienda
1486 2201 1539 2273 sit

347 2328 533 2420 particula
566 2331 625 2403 ὅτι
637 2385 645 2418 ,
680 2331 867 2402 monitum
892 2331 1026 2422 velim,
1053 2331 1154 2402 hune
1178 2330 1303 2402 loeum
1327 2350 1417 2422 prae
1443 2331 1537 2400 eete-

347 2455 400 2526 ris
431 2458 565 2549 aptum
599 2478 695 2544 esse,
730 2480 803 2549 quo
830 2456 1130 2546 demonstretur,
1156 2479 1271 2550 quam
1297 2455 1407 2527 anxie
1433 2454 1534 2528 devi-

348 2583 432 2654 tent
466 2581 597 2654 Graeci
629 2584 801 2656 vocabuli
836 2567 985 2656 relativi
1018 2583 1302 2677 repetitionem,
1329 2581 1360 2653 si
1386 2584 1535 2654 anteue-

347 2707 438 2780 dens
478 2709 667 2781 sententia
707 2712 880 2804 sequenti
922 2711 1091 2782 membro
1124 2709 1354 2803 parataetioe
1388 2729 1535 2781 annexa

346 2833 428 2925 ipsa
453 2834 530 2905 iam
555 2860 578 2906 a
603 2836 823 2929 pronomine
848 2837 1007 2911 relativo
1033 2837 1199 2930 incipiat.

395 2961 438 3031 In
474 2963 716 3055 sequentibus
751 2964 850 3035 male
883 2985 943 3036 me
976 2964 1091 3035 habet
1123 2964 1280 3036 verbum
1308 2963 1439 3051 ἔσται,
1466 2984 1534 3054 pro

345 3110 419 3179 quo
452 3087 561 3160 iaoile
596 3088 775 3179 adducor,
814 3091 859 3161 ut
892 3090 1169 3162 restituendum
1204 3093 1334 3182 putem
1360 3110 1534 3184 praesens
1583 3097 1588 3112 ’

347 3214 472 3306 ἐστίν,
506 3216 577 3287 nisi
613 3216 712 3289 forte
737 3217 793 3287 ita
819 3217 1067 3310 explicamus,
1093 3220 1139 3287 ut
1164 3220 1292 3289 orator
1317 3219 1401 3310 post
1427 3219 1533 3288 ante·

345 3343 532 3415 cedentia:
561 3342 746 3429 ἀποδείξω
770 3347 809 3417 et
835 3348 1025 3440 γνώσεσθε
1052 3345 1169 3416 etiam
1192 3345 1228 3415 h.
1255 3345 1279 3416 l.
1308 3344 1398 3416 lieet
1418 3343 1531 3437 paulo

344 3469 621 3564 neglegentius,
647 3471 767 3543 futuri
792 3472 973 3565 temporis
1000 3471 1161 3543 formam
1186 3471 1358 3543 intulerit
1378 3459 1446 3565 pro
1469 3492 1529 3542 ex·

344 3599 513 3689 spectato
547 3599 662 3672 ἐστίν.
694 3598 832 3671 Contra
856 3603 987 3672 autem
1013 3597 1094 3689 §14
1121 3598 1355 3671 restituenda
1379 3597 1531 3670 videtur

344 3723 465 3796 futuri
498 3725 621 3798 forma
645 3729 799 3813 ε”ξεσται
824 3728 864 3799 in
890 3727 1032 3801 verbis:
1061 3728 1297 3799 καὶτούτων
1324 3731 1362 3797 et'
1383 3754 1420 3797 τι
1446 3727 1529 3816 ψεύ-

345 3849 466 3942 δομαι
487 3855 709 3948 προφάσεως
730 3860 860 3939 ἕνεκα,
886 3856 1042 3940 ἔξεστι
1064 3863 1115 3949 τῷ
1131 3856 1327 3951 κατηγόρῳ
1343 3853 1529 3950 ἐξελέγξαι

345 3981 386 4051 ἐν
410 3989 461 4074 τῷ
487 3984 627 4078 ὑστέρῳ
654 3983 751 4078 λόγῳ
776 3984 797 4054 ὅ
825 4012 863 4053 τι
889 3983 940 4056 ἂν
964 3983 1162 4075 βούληται.

391 4107 483 4198 545.
506 4110 576 4182 καὶ
599 4112 640 4182 ἐν
663 4112 765 4204 αὐτῷ
786 4119 836 4205 τῷ
858 4110 1110 4205 βοολεοτηριῳ
1134 4111 1227 4192 Διὸς
1252 4109 1442 4202 βουλαίοο
1464 4108 1530 4179 καὶ

343 4234 515 4324 Ἀθηνᾶς
532 4238 726 4326 βοολαίας
747 4242 849 4331 ἱερόν
872 4238 965 4322 ἔστι,
981 4239 1049 4309 καὶ
1062 4236 1246 4319 εἰσιόντος
1268 4245 1310 4310 οἱ
1323 4235 1531 4329 βουλευταὶ

342 4369 639 4460 προςεύχονται,
666 4356 721 4439 ὧν
748 4365 855 4463 κάγὼ
881 4362 938 4449 εἷς
963 4360 1001 4455 ἦ,
1029 4367 1074 4449 ὃς
1098 4374 1218 4438 ταῦτα
1245 4373 1434 4461 πράττων,
1460 4364 1530 4435 καὶ

342 4495 397 4580 εἰς
435 4485 553 4568 τᾶλλα
594 4496 677 4591 ἱεροὶ
713 4496 840 4570 πάντα
875 4494 1004 4569 εἰσιὼν
1036 4493 1132 4587 μετὰ
1165 4506 1233 4584 τῆς
1265 4495 1429 4589 βουλῆς,
1457 4493 1528 4565 καὶ
