3424 5320
902 470 950 560 60

331 660 572 756 transpositio
594 661 789 756 proposita
813 683 836 731 a
861 659 1076 755 Spengelio,
1102 681 1214 754 quem
1239 656 1433 731 Infinitivo
1447 659 1525 732 ἐπι-

330 793 542 887 τρεφθὴναι
568 811 645 862 non
670 789 851 861 offensum
877 809 956 860 esse
983 787 1108 859 miror.

380 916 537 989 Gratum
565 917 657 988 mihi
679 917 781 1005 erat,
805 936 889 987 cum
908 914 1268 1003 animadverterem,
1283 912 1524 1008 Spengelium

331 1045 505 1141 legendo:
540 1053 605 1118 τοῦ
631 1043 877 1131 πατάξαντος
902 1065 988 1136 pro:
1015 1049 1082 1116 τοῦ
1107 1041 1412 1126 ἀποκτείναντος
1437 1063 1523 1114 ean·

331 1173 416 1246 dem
450 1172 615 1268 proferre
646 1173 920 1258 coniecturam,
955 1170 995 1242 in
1026 1193 1140 1264 quam
1167 1169 1306 1264 etipse
1331 1169 1521 1264 quondam

239 1365 241 1369 ,
330 1300 552 1374 incidissem.
578 1299 680 1372 Nam
705 1322 754 1372 ne
779 1301 1018 1372 evanesceret
1044 1299 1112 1369 aut
1137 1297 1420 1371 deminueretur
1445 1297 1522 1386 vis,

332 1449 428 1521 quae
461 1427 541 1500 loco
566 1427 724 1511 inesset,
751 1427 820 1497 aut
843 1424 1099 1519 reponendum
1126 1424 1328 1518 putabam:
1357 1425 1522 1498 ὁπατά-

333 1561 477 1641 ξας-
503 1562 569 1627 τοῦ
594 1554 838 1640 πατάξαντος
865 1555 933 1625 ant
959 1554 980 1626 ὁ
1008 1552 1236 1636 ἀποκτείνας
1263 1597 1307 1604 -
1334 1562 1400 1627 τοῦ
1431 1553 1523 1626 duo-

335 1687 570 1770 κτείναντος,
593 1705 754 1776 quorum
767 1682 870 1777 prius
883 1681 1152 1776 praeferebam,
1165 1681 1277 1776 quod,
1290 1684 1524 1775 quantopere

334 1809 463 1884 Graeci
499 1810 615 1884 verba
636 1810 773 1886 ,malae
811 1809 998 1896 notionis,
1036 1809 1234 1902 praecipue
1266 1810 1306 1880 in
1339 1809 1523 1880 rebusad

333 1937 471 2010 iudicia
495 1937 772 2031 spectantibuS,
795 1937 938 2010 evitare
960 1936 1125 2026 soleant,
1148 1959 1260 2009 nemo
1273 1958 1350 2008 non
1361 1935 1522 2030 ignorat.

334 2063 405 2138 Sed
425 2067 555 2159 postea
575 2064 671 2136 hanc
694 2064 946 2137 coniecturam
961 2063 1211 2137 omittendam
1225 2063 1410 2151 iudicavi,
1424 2062 1524 2157 quod

333 2191 373 2263 in
398 2192 468 2265 hoc
493 2192 612 2265 allero
638 2192 807 2266 membro
833 2191 914 2285 ipsa
933 2191 1091 2265 necandi
1112 2191 1217 2265 notio
1232 2213 1345 2284 quam
1360 2190 1524 2264 maxime

334 2318 385 2392 sit
410 2319 589 2414 urgenda.

384 2445 537 2517 Ibidem:
575 2445 718 2520 ανόοια
758 2445 831 2543 γαρ
872 2447 972 2538 (ἂν)
1007 2448 1028 2520 ὁ
1062 2444 1298 2541 διωκόμενος
1322 2449 1463 2534 πάθοι,
1489 2457 1527 2522 εἰ

334 2580 426 2666 μήτε
447 2573 677 2660 ἀποκτείνας
697 2573 790 2673 ὑπὲρ
809 2586 874 2650 τοῦ
888 2575 1183 2660 ἀποκτείναντος
1195 2582 1288 2670 μήτε
1300 2577 1421 2675 ἄρξας
1432 2579 1525 2676 ὑπὲρ

334 2711 400 2778 τοῦ
412 2703 600 2801 ἄρξαντος
614 2704 747 2796 φονεὺς
761 2705 990 2780 ε”στοκΜοίο
1004 2728 1063 2778 me
1076 2704 1203 2793 habet,
1214 2706 1525 2802 quotiescumque

333 2831 426 2906 haec
450 2833 567 2906 verba
591 2835 719 2906 mente
741 2834 948 2927 perlustro,
975 2833 1161 2928 particula
1186 2834 1278 2931 γάρ,
1301 2857 1523 2929 quae,quo·

334 2961 444 3035 modo
478 2962 549 3035 hoc
582 2961 662 3035 loco
696 2962 914 3056 explicanda
946 2963 1015 3052 sit,
1036 2962 1184 3035 nescio.
1220 2963 1397 3048 Quamvis
1422 2964 1522 3037 enim

333 3090 411 3162 late
456 3089 497 3161 in
540 3089 785 3184 Antiphontis
824 3091 1056 3164 orationibus
1094 3090 1205 3163 huius
1241 3091 1397 3165 voculae
1434 3115 1523 3164 usus

332 3220 480 3312 pateat,
510 3220 640 3292 tamen
666 3241 740 3292 non
767 3218 899 3313 quovis
925 3219 1007 3292 loco
1033 3218 1201 3292 adhiberi
1226 3221 1370 3314 potest,
1396 3219 1523 3293 itaut

334 3346 427 3417 mihi
452 3346 561 3419 facile
588 3347 853 3440 persuadeam,
875 3349 944 3419 aut
965 3349 1182 3441 corruptam
1205 3369 1283 3420 esse
1296 3347 1521 3442 particulam

334 3473 427 3571 γάρ,
466 3476 534 3545 aut
570 3473 626 3562 id,
665 3474 712 3546 ad
746 3473 846 3568 quod
879 3472 1074 3546 referenda
1107 3474 1176 3562 sit,
1212 3475 1400 3548 excidisse.
1427 3473 1521 3546 Oum

333 3605 483 3691 autem,
523 3624 589 3674 cur
625 3602 695 3675 hoc
733 3602 897 3674 alterum
939 3603 1128 3691 statuam,
1162 3625 1238 3674 non
1271 3602 1362 3675 satis
1388 3624 1522 3674 causae

333 3731 460 3804 adesse
484 3732 635 3824 putem,
660 3729 755 3802 nihil
781 3730 858 3802 iam
879 3731 1018 3819 restat,
1041 3728 1114 3802 nisi
1135 3729 1522 3824 utJemstedti0,qui

333 3860 474 3934 observ.
502 3858 655 3953 Antiph.
682 3881 766 3953 pag.
793 3858 847 3930 19.
874 3859 1049 3932 voculam
1076 3858 1147 3956 yolo
1167 3858 1381 3930 coniectura
1401 3881 1521 3932 remo-

332 4009 419 4063 vere
451 3985 617 4075 studuit,
652 3985 793 4059 socium
827 4008 888 4058 me
913 3985 1133 4058 adscribam.
1161 3983 1340 4056 Attamen
1370 4007 1520 4070 vereor,

333 4139 381 4190 ne
405 4115 463 4190 vir
483 4113 718 4188 doctissimus
740 4136 817 4187 non
828 4116 929 4187 recte
943 4115 1032 4208 agat
1045 4111 1251 4185 rescribens
1264 4109 1313 4200 δ’,
1326 4112 1416 4186 licet
1429 4113 1523 4186 haec

212 4289 216 4297 -
333 4244 520 4340 particula
552 4263 638 4316 cum
664 4241 737 4340 γάρ
762 4241 801 4313 in
828 4241 932 4313 libris
959 4239 1050 4313 MSS
1075 4238 1230 4313 confusa
1254 4239 1314 4312 sit.
1339 4238 1439 4311 Nam
1466 4262 1522 4331 ea,

333 4394 429 4466 quae
456 4373 667 4465 sequuntur
693 4368 878 4465 prioribus
904 4391 980 4441 non
1005 4390 1071 4463 per
1095 4367 1323 4461 particulam
1350 4367 1522 4441 adversa-

334 4499 455 4572 tivam
485 4499 723 4594 opponenda,
749 4497 813 4570 sed
840 4494 1087 4570 conclusionis
1112 4494 1192 4569 loco
1219 4495 1388 4569 addenda
1413 4498 1521 4580 sunt,
