3366 5324
920 475 964 547 14

387 661 479 753 528.
507 663 697 754 θαυμάζω
722 660 764 735 δὲ
791 663 907 760 ἔγωγε
933 673 1001 751 τῆς
1026 661 1168 754 τόλμης
1191 670 1259 737 τοῦ
1281 661 1448 757 ἀδελφοῦ
1463 667 1537 738 καὶ

272 777 275 782 ’
340 803 406 881 τῆς
428 789 629 879 διανοίας,
652 794 696 863 τὸ
709 789 981 885 διομόσασθαι
995 788 1085 885 ὑπὲρ
1097 802 1164 879 τῆς
1176 793 1319 887 μητρὸς
1332 783 1372 866 εὖ
1387 789 1538 867 εἰδέναι

338 923 391 1012 μὴ
423 930 673 1007 πεαοιηκοῑαν
705 931 839 994 ταῦτα.
873 918 993 991 Valde
1027 917 1178 1009 dubito,
1215 943 1306 991 num
1341 921 1424 994 iure
1458 922 1537 996 viri

339 1047 439 1120 docti
464 1048 656 1121 offendant
679 1048 720 1119 in
741 1069 832 1122 voce
855 1044 1057 1129 διανοίας,
1080 1068 1147 1139 pro
1169 1068 1245 1139 qua
1266 1046 1464 1138 ReiskiuS,
1487 1051 1537 1120 ut

338 1174 490 1266 οἷνοίας,
516 1175 763 1248 Iernstedtius
789 1179 834 1248 ut
859 1173 1065 1257 ἀναιδείας
1088 1174 1375 1264 rescriberetur,
1399 1179 1536 1248 auctor

339 1305 497 1378 exstitit.
544 1304 588 1376 cf.
628 1303 846 1376 Iernstedtii
887 1303 1187 1390 ,observationes
1225 1301 1532 1397 Antiphonteae”

339 1432 453 1505 tirees
478 1431 529 1502 du
560 1430 737 1517 „Journal
764 1432 815 1503 du
840 1431 1033 1503 ministbre
1059 1429 1105 1502 de
1129 1429 1384 1504 l'instruction
1408 1432 1533 1526 publi·

339 1558 434 1653 que’'
469 1558 658 1652 Petropoli
693 1580 819 1632 mense
850 1558 948 1631 lulio
986 1556 1078 1631 lete
1111 1580 1195 1652 pag.
1233 1562 1264 1631 b.
1292 1580 1366 1651 seq.
1384 1561 1408 1651 ¹)
1436 1558 1533 1644 Quid

340 1687 440 1760 euim
461 1686 639 1780 impedit,
660 1687 860 1780 quominus
882 1707 961 1759 voe.
984 1682 1141 1760 διανοία
1162 1687 1304 1760 valeat:
1320 1686 1532 1776 eonsilium,

339 1814 558 1907 dictumque
589 1812 640 1885 sit
672 1812 717 1886 de
750 1812 878 1885 fratris
905 1813 1082 1903 oonsilio,
1108 1815 1153 1885 ut
1176 1812 1418 1885 iureiurando
1444 1836 1531 1886 con-

339 1943 487 2031 firmet,
512 1962 609 2035 quae
633 1940 889 2036 perhibueritl

388 2068 460 2158 At,
485 2069 516 2140 si
541 2069 610 2141 hoc
634 2067 731 2141 forte
756 2068 882 2139 minus
908 2067 1068 2158 arridet,
1095 2069 1288 2162 magisque
1309 2069 1434 2162 placet
1455 2073 1529 2142 sta·

339 2200 467 2285 tuere,
513 2197 582 2268 sub
621 2196 696 2268 isto
734 2195 848 2269 verbo
885 2195 1028 2288 aliquid
1066 2197 1233 2290 corrupti
1271 2198 1406 2284 latere,
1445 2202 1528 2271 tum

340 2324 511 2418 equidem
537 2325 729 2416 praestare
753 2325 905 2416 putem,
932 2323 1161 2418 transposita
1186 2328 1275 2398 ante
1300 2337 1366 2415 τῆς
1386 2326 1528 2417 τόλμης

339 2451 527 2546 particula
552 2457 639 2540 καί,
665 2450 797 2522 audaci
823 2473 940 2522 manu
965 2451 1089 2524 delere
1109 2451 1190 2545 ipsa
1210 2452 1342 2524 verba:
1365 2467 1432 2545 τῆς
1446 2453 1528 2527 δια-

340 2579 463 2664 νοίας.
489 2578 613 2651 Faeile
639 2577 739 2650 enim
764 2577 844 2650 fieri
870 2578 1015 2672 potuit,
1042 2581 1088 2650 ut
1109 2579 1342 2673 magistellus
1363 2583 1528 2676 quidam,

340 2707 387 2778 ad
412 2706 670 2800 explicandam
695 2706 803 2780 hane·
818 2708 1046 2800 particulam
1071 2709 1146 2780 καί
1165 2699 1254 2782 ante
1280 2721 1347 2800 τῆς
1373 2712 1527 2804 τόλμης,

340 2836 645 2929 suprascriberet:
682 2846 748 2925 τῆς
781 2833 981 2924 διανοίας,
1019 2836 1117 2930 quod
1143 2837 1420 2929 recordaretur,
1448 2862 1528 2913 ora-

338 2966 461 3036 torem
498 2964 576 3036 iam
615 2966 695 3054 55.
735 2966 917 3037 miratum
955 2988 1033 3039 esse
1070 2968 1139 3055 τὴν
1172 2967 1330 3063 γνώμην
1360 2967 1385 3038 i.
1404 2989 1436 3039 e.
1463 2971 1530 3056 τὴν

340 3090 522 3166 διανοίαν
547 3101 613 3167 τοῦ
639 3090 814 3185 α’διλφοῦ.
839 3093 991 3181 Deinde,
1013 3095 1112 3188 quod
1135 3094 1246 3167 aliter
1266 3094 1347 3166 fieri
1361 3095 1439 3166 iam
1452 3118 1528 3168 non

339 3221 482 3313 potuit,
507 3221 639 3294 verba:
667 3223 737 3294 καί
761 3233 828 3312 τῆς
852 3207 1037 3306 διανοίας
1061 3225 1146 3316 post
1170 3231 1236 3297 τοῦ
1264 3220 1431 3314 ἀδελφοῦ
1456 3226 1529 3299 ool·

338 3347 572 3420 locabantur.

378 3579 408 3648 1)
428 3577 507 3631 Hanc
534 3575 707 3632 occasionem
728 3593 780 3648 ego
800 3576 1025 3646 praetermittere
1044 3594 1099 3632 non
1119 3595 1248 3649 possum,
1268 3579 1337 3648 quin
1358 3578 1417 3634 viro
1436 3579 1530 3634 elaris-

340 3665 425 3732 simo,
445 3666 520 3721 Vict.
541 3665 724 3732 Iernetedtio,
741 3665 891 3736 professori
909 3667 1222 3738 Petropolitano,grati
1232 3667 1320 3722 animi
1331 3668 1528 3724 documentum

339 3756 451 3826 publice
472 3756 628 3811 exhibeam.
648 3755 789 3828 Singulari
809 3757 883 3810 enim
904 3755 1044 3810 facilitate
1063 3757 1109 3812 hic
1128 3757 1171 3812 vir
1192 3757 1378 3824 clarissimus,
1399 3759 1529 3827 precibus

339 3847 409 3901 meis
434 3846 597 3916 indulgens,
626 3848 769 3917 exemplar
794 3845 1000 3913 dissertationis
1020 3863 1102 3912 suae,
1122 3847 1244 3901 multum
1265 3846 1438 3913 laudandae,
1458 3847 1530 3902 mihi

339 3936 402 3991 usui
429 3939 459 3990 et
486 3936 626 4005 mancipio
656 3936 741 3991 misit.
768 3937 822 3991 Pro
847 3952 904 4005 qua
928 3935 1100 3992 liberalitate
1126 3936 1233 4007 gratias
1259 3936 1285 3991 ei
1310 3954 1365 4008 ago
1391 3940 1421 3992 et
1439 3936 1529 3994 habeo

339 4044 424 4097 quam
442 4026 589 4082 maximas.
