3424 5320
907 459 975 536 104

318 653 447 725 terea
488 650 630 724 frustra
671 655 895 746 quaeratur,
928 673 1003 745 quo
1036 647 1230 723 referenda
1261 647 1312 720 sit
1344 649 1531 743 particula

344 780 428 878 γάρ.
454 781 536 853 Etsi
562 784 691 854 autem
718 804 795 853 una
819 779 983 874 quadam
1009 778 1168 852 fortasse
1191 777 1454 851 emendatione
1473 778 1531 850 his

343 907 508 980 tenebris
541 908 664 980 lucem
697 907 820 980 afferri
846 928 951 1000 posse
976 927 1112 1000 negare
1137 927 1213 976 non
1238 905 1376 993 audeo,
1401 907 1532 980 tamen

344 1033 467 1105 tutius
500 1033 594 1106 duco
626 1034 781 1105 interim
814 1033 990 1105 lacunam
1025 1034 1214 1120 statuere,
1248 1031 1288 1103 in
1321 1031 1423 1104 hunc
1455 1030 1532 1104 fere

345 1157 499 1232 modum
532 1159 795 1252 supplendam:
831 1161 924 1232 ὥστε
957 1159 1027 1231 καὶ
1062 1158 1154 1254 πρὸς
1178 1159 1287 1251 ὑμῶν
1312 1153 1413 1230 εἶναι
1441 1157 1530 1231 απο-

346 1287 604 1379 ιμηφίσασθαί
622 1314 697 1381 μου
723 1297 803 1361 νῦν.
830 1287 901 1360 Sed
921 1286 1042 1359 nesio
1062 1286 1214 1380 quidem
1235 1286 1338 1359 locus
1359 1287 1407 1358 ab
1428 1285 1531 1359 omni

344 1417 453 1508 parte
485 1417 586 1487 recte
620 1436 658 1486 se
688 1413 822 1503 habet,
856 1436 946 1485 nam
979 1411 1194 1506 sequentia:
1225 1420 1337 1486 τοῦτο
1362 1409 1435 1505 μὲν
1459 1412 1532 1510 yde

345 1542 432 1633 ἐμοὶ
457 1546 690 1632 πιθομένοις
715 1538 810 1635 ὑμῖν
833 1539 1090 1633 μεταμελῆσαι
1115 1541 1241 1624 ἔστιν,
1268 1540 1340 1613 dici
1368 1543 1428 1613 vix
1449 1544 1531 1633 pct-

347 1671 423 1758 cst,
464 1690 578 1761 quam
616 1668 845 1761 displiceant.
893 1667 1014 1741 Nemo
1049 1668 1149 1739 enim
1182 1689 1259 1740 non
1292 1666 1413 1756 videt,
1451 1667 1532 1738 fieri

344 1794 530 1888 potuisse,
564 1798 610 1866 ut
633 1793 772 1867 iudices
796 1795 1007 1888 poeniteret
1030 1815 1105 1865 non
1131 1793 1256 1865 minus
1281 1793 1313 1865 si
1339 1797 1531 1866 accusato-

343 1920 446 1992 ribus
470 1943 586 2014 quam
611 1921 643 1992 si
667 1920 851 1993 defensori
877 1941 1020 1993 morem
1042 1919 1260 2014 gessissent,
1273 1921 1328 1991 ita
1341 1923 1387 1992 ut
1399 1921 1530 1994 verba:

346 2047 432 2139 ἐμοὶ
457 2051 709 2142 πιθομένοις,
735 2069 832 2140 quae
856 2049 1010 2140 propter
1035 2047 1223 2140 opposita:
1253 2048 1400 2130 τούτοις
1422 2054 1531 2120 πιθο-

343 2179 488 2266 μένοος
533 2175 663 2248 abesse
706 2197 782 2247 non
820 2174 937 2262 licet,
967 2174 1007 2244 in
1044 2173 1186 2246 tradita
1223 2174 1382 2247 lectione
1418 2198 1533 2268 quam

227 2379 229 2384 ,
346 2303 508 2374 maxime
529 2301 776 2374 abundarent.
798 2300 958 2394 Utique,
980 2299 1121 2393 siquid
1143 2301 1284 2389 sentio,
1307 2301 1398 2374 haec
1419 2302 1534 2375 verba

344 2431 427 2501 arte
459 2428 642 2501 nectenda
676 2430 765 2499 sunt
797 2450 883 2500 cum
918 2427 1248 2520 subsequentibus,
1272 2430 1318 2500 ut
1342 2428 1431 2499 talis
1457 2428 1535 2502 fere

345 2554 486 2626 existat
525 2553 731 2627 sententia:
770 2553 802 2624 si
840 2575 907 2626 vos
945 2552 1036 2626 olim
1074 2553 1172 2626 forte
1208 2553 1302 2626 mihi
1340 2555 1534 2628 obsecutos

344 2702 422 2753 esse
463 2679 691 2774 paenitebit,
733 2679 865 2751 statim
901 2678 1125 2772 supplicium
1160 2678 1205 2753 dc
1240 2701 1299 2752 me
1332 2681 1533 2770 sumendo,

343 2809 538 2900 peccatum
565 2810 733 2879 vestrum
760 2806 959 2878 restituere
982 2803 1166 2898 poteritis.
1193 2804 1274 2877 Hac
1293 2805 1533 2896 difficultate,

343 2933 391 3004 ad
423 2956 538 3026 quam
572 2932 749 3020 accedit,
768 2933 869 3024 quod
904 2932 1018 3004 verba
1051 2940 1159 3005 τοῦτο
1189 2937 1285 3024 μέν,
1321 2933 1381 3005 cui
1414 2934 1453 3005 in
1479 2957 1533 3008 sc·

342 3059 544 3155 quentibus
569 3059 840 3153 respondeant,
866 3079 943 3132 non
968 3057 1128 3146 habent,
1154 3058 1263 3132 facile
1284 3060 1469 3148 adducor,
1488 3063 1535 3134 ut

342 3191 427 3282 post
472 3187 669 3277 lacunam,
710 3208 825 3280 quam
869 3187 1018 3274 statuo,
1052 3207 1204 3280 pergam
1239 3186 1413 3281 legendo:
1449 3197 1533 3262 τοῦ

342 3312 416 3407 μὲν
450 3315 524 3412 γαρ
551 3315 636 3405 ἐμοὶ
662 3319 893 3405 πιθομένοις
918 3314 1015 3404 ὑμῖν
1038 3314 1314 3406 μεταμελῆσαι,
1341 3315 1423 3388 ἔστι
1453 3319 1533 3409 [καὶ

342 3448 490 3539 τούτου]
513 3447 721 3542 φάρμακον
745 3450 789 3518 τὸ
813 3439 933 3528 αὗθις
959 3443 1143 3530 κολάσαι,
1170 3453 1235 3520 τοῦ
1261 3444 1301 3521 δε
1325 3471 1361 3541 q.
1375 3469 1403 3518 s
1438 3447 1533 3519 Cum

341 3573 516 3645 librarius
557 3595 625 3666 pro
666 3599 711 3644 το
751 3595 817 3666 per
851 3571 1148 3666 dittographiam
1183 3574 1389 3668 scripsisset
1422 3600 1533 3664 πετο,

340 3699 422 3772 fieri
456 3699 519 3769 vix
552 3701 721 3793 poterat,
756 3699 848 3793 quin
874 3697 1101 3770 adderentur
1129 3698 1260 3777 verba:
1289 3701 1359 3772 καὶ
1385 3702 1531 3774 τούτου.

340 3825 445 3911 Quod
479 3828 607 3898 autem
643 3825 690 3896 ad
724 3825 848 3899 verbi:
892 3825 1095 3917 μεταμέλει
1120 3849 1190 3915 μοι
1216 3848 1303 3898 cum
1329 3826 1534 3920 Participio

340 3953 462 4026 iuncti
496 3954 749 4038 structuram,
786 3953 954 4025 conferas
990 3954 1090 4044 591:
1128 3952 1195 4044 ἤδη
1226 3952 1274 4027 δέ
1295 3981 1399 4026 τισιν
1423 3954 1534 4046 ὑμῶν

339 4081 408 4154 καὶ
440 4081 687 4174 μετεμέλησεν
720 4079 1006 4156 ἀπολωλεκόσιν.
1039 4081 1213 4156 Ceterum
1239 4081 1323 4155 vide
1348 4083 1535 4176 Krucgeri

338 4232 393 4304 gr.
418 4232 472 4304 gr.
501 4208 594 4302 556.
622 4208 655 4281 6.
684 4208 706 4278 4
732 4210 773 4282 et
797 4208 931 4282 Kochii
958 4208 1074 4299 5125.
1101 4209 1135 4282 4.
1164 4209 1196 4280 2.

388 4334 522 4409 Nonne
556 4335 673 4408 ctiam
706 4338 777 4408 aut
809 4336 1010 4429 utrobique
1044 4338 1113 4408 aut
1146 4359 1213 4430 pro
1247 4337 1368 4411 altero
1393 4337 1530 4410 saltem

340 4462 422 4535 ἔστι
449 4462 684 4537 scribendum
710 4461 845 4536 ἔσταιλ
