3424 5320
862 430 908 505 ΤΟ

331 620 473 714 Ecquid
515 621 632 692 etiam
673 621 713 691 in
746 618 1009 713 sequentibus,
1043 616 1176 689 deletis
1210 616 1352 690 verbis:
1388 616 1476 700 τοὺς

284 750 471 840 ε’μαοτοῦ,
506 747 680 819 mutandi
713 749 803 818 sunt
829 747 966 818 dativi:
994 747 1144 828 τούτοις
1170 748 1210 817 et
1238 745 1329 836 ἐμοί
1350 744 1391 815 in
1417 766 1475 816 ac·

283 877 488 948 cusativos:
516 876 673 957 τούτους
699 878 739 947 et
764 876 836 967 ἐμέ
842 875 855 945 l

333 1004 426 1094 §ll
450 1007 472 1092 ἡ
496 1002 570 1093 μὲν
595 1008 789 1099 πρόφασις
817 1003 981 1098 ἑκατέρῳ
1006 1011 1072 1076 τοῦ
1098 1001 1189 1076 πλοῦ
1217 1002 1321 1089 αὕτη·
1345 1001 1476 1094 ἐτύχο-

283 1157 356 1222 μεν
381 1129 421 1203 δὲ
448 1136 620 1223 χειμῶνι’
643 1158 720 1205 τινι
746 1131 1008 1226 χρησάμενοι,
1034 1128 1100 1222 ὑφ’
1121 1120 1165 1202 οὗ
1178 1130 1475 1226 ἠναγκάσθημεν

285 1271 503 1353 κατασχεῖν
524 1248 578 1345 εἷς
596 1273 663 1350 τῆς
686 1264 961 1352 Μηθυμναῖος
982 1290 1021 1332 τι
1041 1262 1209 1355 χωρίον,
1231 1247 1274 1331 οὗ
1287 1260 1331 1331 τὸ
1344 1260 1477 1331 πλοῖον

284 1390 399 1486 ὥρμει
436 1400 544 1463 τοῦτο
570 1391 626 1473 εἰς
651 1391 672 1462 ὃ
696 1389 941 1489 μετεκβάντα
967 1392 1092 1479 φασὶν
1118 1387 1334 1461 ἀποθανεῖν
1359 1389 1477 1461 αὐτόν

285 1519 367 1610 [τὸν
406 1515 607 1613 Ἡρῴδην].
642 1516 852 1590 Praeeunte
884 1517 1053 1605 Reiskio,
1086 1517 1152 1610 qui
1187 1515 1365 1604 adnotat,
1409 1518 1478 1586 aut

285 1644 485 1738 delendum
506 1667 586 1718 esse
606 1645 675 1716 τὸν
696 1640 888 1740 Ἡρῴδην,
908 1646 977 1714 aut
998 1642 1225 1716 vocabulum
1245 1643 1364 1716 αὐτόν
1377 1664 1477 1715 com·

286 1772 513 1843 mutandum
547 1795 652 1845 oum:
683 1761 808 1861 οὗτοι,
834 1775 1033 1865 sequentes
1059 1770 1219 1844 editores
1245 1793 1384 1844 nomen
1410 1771 1478 1844 τὸν

287 1899 457 1995 Ἡρῴδην
484 1903 618 1994 utpote
644 1901 831 1973 emblema
857 1922 877 1972 e
903 1901 1014 1972 textu
1039 1900 1294 1971 removerunt.
1321 1898 1371 1971 Et
1397 1900 1478 1972 iure

286 2028 439 2120 quidem
474 2050 540 2101 suo
574 2028 611 2099 id
646 2028 769 2102 facere
804 2030 1031 2121 potuenmt‚
1067 2049 1154 2099 cum
1188 2026 1405 2099 incredibile
1429 2027 1479 2099 sit

286 2155 412 2243 dictu,
438 2177 551 2247 quam
579 2178 688 2249 saepe
713 2156 807 2227 talia
833 2154 1095 2226 additamenta
1120 2176 1141 2226 e
1166 2152 1305 2227 scholio
1327 2157 1420 2224 nata
1438 2154 1478 2225 in

286 2284 436 2356 textum
465 2282 701 2375 inrepserint.
737 2283 975 2376 Quamquam
1008 2281 1055 2352 ad
1079 2281 1118 2352 id
1143 2280 1479 2354 demonstrandum

288 2408 452 2479 Blassius
478 2430 555 2480 non
580 2408 711 2481 debuit
737 2409 904 2482 conferre
926 2406 1007 2499 §77
1029 2409 1163 2481 verba:
1186 2417 1237 2502 τῴ
1259 2410 1336 2503 ἐμῷ
1350 2410 1478 2505 πατρί,

288 2557 403 2629 quae,
435 2535 524 2607 licet
556 2557 580 2605 a
615 2535 783 2608 Dobraeo
818 2540 857 2608 et
890 2537 1142 2609 Herwerdeno
1177 2538 1395 2628 deleantur,
1431 2538 1478 2610 ab

288 2663 370 2734 aliis
392 2661 481 2735 viris
503 2663 644 2752 doctis,
665 2664 777 2736 aliter
789 2664 869 2737 loeo
884 2653 1364 2755 medentibusssservantur.
1387 2666 1478 2739 Rec-

287 2790 384 2878 tius,
417 2791 449 2861 si
482 2790 572 2883 quid
607 2791 748 2880 sentio,
776 2791 901 2864 afferri
926 2793 1076 2886 poterat
1102 2814 1181 2866 voc.
1208 2781 1333 2880 οὗτοι,
1359 2792 1478 2885 quod,

288 2941 354 3013 pro
388 2919 509 2992 αὐτόν
543 2917 729 3011 positum,
766 2942 847 3013 quo,
874 2919 1014 3013 legitur
1046 2920 1128 2993 loco
1162 2921 1348 3014 displicet;
1385 2920 1478 2992 adde

289 3047 389 3138 quod
423 3047 519 3118 illud
555 3045 677 3137 φασίν
711 3049 750 3118 et
782 3047 921 3118 similia
953 3047 1059 3119 nullo
1087 3046 1215 3121 addito
1241 3047 1408 3121 subiecto
1434 3047 1480 3121 de

289 3174 510 3247 adversariis
532 3175 604 3247 dici
624 3175 767 3262 solent,
788 3175 846 3246 ita
866 3176 910 3246 ut
927 3174 1064 3246 inutile
1078 3174 1128 3246 sit
1140 3197 1345 3268 pronomen
1360 3164 1479 3262 οὗτοι,

290 3300 336 3372 cf.
372 3303 393 3392 ξ
416 3301 480 3372 20:
507 3301 554 3375 ὅν
579 3325 703 3392 φασιν
727 3300 789 3374 ὑπ’
818 3301 910 3392 ἐμοῦ
935 3301 1164 3374 ἀποθανεῖν’.
1191 3304 1212 3392 ἓ
1235 3301 1300 3374 26;
1327 3302 1479 3400 λέγουσι

291 3423 331 3498 δὲ
358 3427 410 3510 ὡς
437 3427 478 3500 ἐν
502 3425 577 3521 μὲν
601 3441 644 3520 τη
667 3439 713 3525 γη
735 3427 930 3502 απέθανεν
952 3427 1087 3523 ὁανηρ
1108 3431 1198 3501 cett.
1221 3429 1321 3520 §282
1337 3429 1414 3502 αλλ’
1428 3431 1479 3514 ὡς

289 3559 559 3643 κατεποντώθη
584 3557 773 3655 λέγουσιν.
801 3556 957 3629 ibidem:
986 3567 1055 3630 νῦν
1083 3555 1124 3629 δὲ
1154 3559 1195 3630 ἐν
1220 3557 1295 3649 μὲν
1322 3551 1351 3654 ᾧ
1377 3561 1480 3633 ἔπινε

289 3685 403 3782 πλοίῳ
425 3687 494 3758 καὶ
513 3687 553 3772 ἐξ
574 3674 617 3759 οὗ
640 3688 859 3777 ἐξέβαινεν,
885 3687 1056 3783 ἐντούτῳ
1070 3689 1193 3775 φασὶν
1207 3687 1327 3783 εὑρεῖν
1341 3701 1478 3780 σημεῖα

289 3837 323 3907 q.
352 3837 379 3884 s,
406 3814 507 3904 §aaz
533 3815 590 3887 ἔτι
616 3813 658 3888 δὲ
685 3817 752 3888 καὶ
777 3813 867 3888 τάδε
891 3814 1070 3911 λέγουσιν
1095 3817 1183 3887 cett.
1211 3815 1375 3909 alibique
1396 3839 1479 3910 pas·

289 3941 371 4014 sim.
392 3941 479 4014 ¹Nec
504 3944 635 4014 tamen
662 3942 842 4015 audacter
865 3964 1003 4015 nomen
1024 3944 1093 4015 τὸν
1114 3939 1290 4037 Ἡρῴδην
1312 3942 1479 4015 deletum

288 4068 422 4156 velim,
457 4092 566 4176 nam,
601 4069 631 4140 si
665 4091 739 4162 quo
773 4068 868 4156 alio,
901 4069 972 4142 hoc
1005 4071 1107 4142 certe
1133 4068 1236 4155 loco,
1262 4068 1327 4141 ubi
1353 4070 1481 4142 orator

288 4196 593 4292 indignabundus
620 4197 667 4270 ob
688 4199 800 4289 turpe
821 4200 861 4269 et
881 4198 1054 4291 iniquum
1075 4197 1115 4267 in
1136 4218 1175 4268 se
1196 4198 1389 4290 prolatum
1411 4196 1480 4267 cri-

290 4345 377 4395 men
418 4324 534 4418 ipsius
567 4325 675 4418 quasi
710 4323 957 4396 accusationis
995 4301 1111 4409 uerba
1135 4323 1295 4415 repetit,
1321 4324 1416 4395 bene
1441 4343 1480 4394 se

289 4451 406 4524 habet
433 4475 572 4526 nomen
605 4451 816 4540 interemti,
845 4474 932 4523 cum
957 4451 996 4523 vi
1021 4449 1260 4521 efferendum.
1298 4448 1350 4522 At
1376 4447 1480 4520 aliud
