3424 5320
747 467 799 547 '89

183 685 281 735 vem.
308 661 411 748 Quod
439 687 677 759 nequaquam
703 665 896 754 fecissent,
918 667 950 738 si
972 666 1148 740 credibile
1161 665 1374 758 duxissent,

182 813 288 866 servo
326 793 542 887 persuaderi
575 815 702 887 posse,
727 795 772 866 ut
797 796 929 866 contra
954 817 1014 868 me
1039 795 1297 868 ementiretur.
1322 795 1375 868 At

182 942 285 1008 cum,
332 923 378 992 ut
415 920 454 991 id
492 919 706 1011 crederent,
745 944 820 995 non
858 922 1062 1008 haberent,
1101 923 1156 994 ita
1193 921 1372 998 fecerunt.

181 1047 324 1121 Deinde
356 1070 485 1122 servus
511 1048 668 1121 summis
696 1049 923 1122 cruciatibus
949 1072 1163 1144 oppressus,
1190 1053 1236 1122 ut
1259 1050 1304 1122 iis
1330 1052 1373 1123 li-

185 1175 401 1265 beraretur,
436 1176 618 1248 mentitus
655 1179 731 1264 est,
762 1176 825 1250 sed
860 1177 935 1267 ita,
968 1180 1015 1249 ut
1046 1199 1121 1249 non
1147 1178 1375 1252 consentiret

182 1302 367 1396 epistulae
401 1303 613 1376 mendaciis.
648 1303 849 1377 Habebunt
881 1304 999 1399 igitur
1032 1304 1237 1378 adversarii
1270 1328 1373 1378 men·

181 1429 287 1502 dacia
324 1430 478 1524 quidem
515 1431 555 1502 in
594 1454 675 1520 me,
707 1431 771 1504 sed
805 1454 901 1525 quae
934 1432 1036 1505 inter
1069 1455 1108 1506 se
1140 1436 1373 1526 pugnarent,

180 1580 370 1652 quaeque,
405 1557 504 1651 quod
537 1559 586 1630 ad
621 1559 845 1652 epistulam,
880 1560 1001 1633 delere
1036 1561 1115 1632 iam
1140 1583 1216 1632 non
1242 1562 1374 1653 potue-

180 1689 282 1757 runt.
318 1686 503 1772 Quoniam
540 1690 716 1780 apparet,
742 1687 843 1759 hunc
869 1688 1146 1762 sententiarum
1173 1709 1251 1760 esse
1277 1687 1373 1759 ordi·
1470 1759 1472 1764 .

180 1836 288 1898 nem,
316 1836 392 1886 non
418 1814 549 1887 dubito
573 1813 652 1905 §56
673 1816 845 1903 membra
865 1817 966 1889 inter
987 1838 1027 1888 se
1039 1816 1097 1888 ita
1108 1818 1372 1908 transponere,

180 1944 225 2014 ut
258 1943 443 2036 legamus:
472 1943 509 2016 εἰ
530 1944 604 2042 γαρ
629 1948 820 2041 ἡγήσαντο
847 1987 891 1998 -
920 1943 967 2016 ui
995 1945 1037 2016 ἐν
1062 1952 1113 2037 τῷ
1138 1971 1372 2040 γραμματει-

180 2069 264 2167 δίῳ.
292 2070 485 2162 ἐπειδὴδὲ
512 2073 807 2172 ἀνεγνώσθη-
834 2074 883 2146 τοὶ
908 2075 1224 2172 ἀναγνωσθέντα.

229 2198 321 2290 557.
355 2200 479 2291 λέγειν
512 2200 554 2274 δὲ
588 2204 782 2298 τολμῶσιν
813 2205 864 2288 ὡς
891 2203 964 2301 ἐγὼ
990 2206 1126 2300 χάριτι
1152 2203 1220 2276 τὸν
1245 2199 1371 2292 ἄνδρα

180 2331 398 2402 α’ττίκτεινα.
437 2330 632 2405 Immerito
661 2333 918 2406 Bohlmannus
943 2355 1026 2426 pag.
1056 2330 1100 2402 26
1128 2330 1371 2403 Weidnerum

180 2457 437 2550 reprehendit,
482 2460 581 2553 quod
623 2461 850 2556 Antiphonti
891 2483 958 2554 pro
999 2459 1171 2533 codicum
1213 2457 1372 2530 lectione

181 2585 330 2658 ἔκτεινα
358 2587 563 2661 obtruserit
589 2588 750 2662 formam
775 2588 1000 2682 pleniorem:
1029 2586 1257 2669 α’ττέκτεινα,
1290 2608 1370 2671 ,ex-
1435 2664 1437 2669 ,

180 2716 258 2786 stat
292 2713 429 2804 enim'',
462 2716 607 2810 inquit,
646 2716 825 2804 ,verbum
859 2704 1019 2788 κτείνειν
1053 2715 1169 2806 etiam
1196 2712 1240 2785 V.
1267 2712 1369 2804 gil,

179 2839 241 2913 VI.
277 2844 320 2932 §g
354 2841 386 2913 4.
418 2841 496 2916 16.”
523 2843 682 2915 Videtur
706 2843 824 2936 igitur
848 2843 973 2915 virum
999 2841 1258 2914 doctissimum
1283 2839 1371 2910 effu-

179 2968 297 3063 gisse,
330 2966 421 3038 haec
455 2968 581 3040 omnia
617 2969 762 3042 diversa
796 2969 945 3041 ratione
977 2967 1216 3040 diiudicanda
1240 2969 1280 3040 et
1304 2988 1371 3060 pro

179 3093 472 3187 uniuscuiusque
496 3095 569 3168 loci
599 3101 738 3170 natura
764 3097 875 3170 modo
900 3102 1060 3172 κτείνειν
1087 3096 1196 3168 modo
1223 3117 1370 3188 compo·

179 3223 296 3295 situm
329 3223 563 3297 ἀποκτείνειν
596 3225 795 3319 legendum
829 3247 918 3298 esse.
953 3224 1054 3298 Nam
1088 3223 1160 3297 etsi
1186 3246 1258 3318 -pro
1284 3223 1370 3294 sirn-

179 3351 267 3446 plioi
300 3352 461 3428 κτείνειν
494 3354 699 3448 posteriore
733 3357 903 3447 tempore
939 3354 1084 3448 plenior
1117 3352 1240 3425 forma
1275 3350 1371 3424 riuo-

178 3477 340 3553 κτείνειν
375 3481 696 3571 substituebatur,
735 3483 864 3553 tamen
901 3481 941 3552 in
978 3481 1141 3575 legibus,
1179 3478 1369 3570 formulis,

178 3606 291 3700 idque
325 3627 442 3699 genus
476 3609 626 3697 ceteriS,
660 3631 757 3702 quae
790 3632 838 3681 ne
863 3610 1125 3698 mutarentur,
1149 3607 1280 3701 religio
1306 3608 1369 3680 ob-

180 3733 326 3822 stabat,
353 3755 499 3827 semper
524 3734 760 3808 retinebatur
785 3730 1045 3832 ὂιρχαιοτικόν
1071 3734 1165 3806 illud
1186 3739 1369 3823 κτείνειν,

179 3860 235 3933 ita
280 3865 325 3933 ut
363 3860 403 3932 in
440 3884 518 3932 una
556 3861 759 3957 eademque
797 3863 968 3935 oratione
1006 3861 1116 3936 modo
1154 3863 1370 3936 inveniatur

180 3987 438 4080 deauratam,
485 3989 615 4078 modo,
659 3989 724 4061 ubi
761 3990 854 4085 legis
892 3990 1049 4063 alicuius
1086 3990 1147 4064 vel
1185 3990 1370 4064 formulae

180 4119 294 4192 verba
318 4118 500 4208 uitentur,
525 4118 625 4190 adsit
650 4117 807 4212 simplex
833 4121 1009 4192 κτείνειν.
1029 4118 1370 4210 recusutum

180 4248 231 4331 ὡς
264 4247 411 4319 ε”κτεινα
445 4245 645 4320 verisimile
678 4249 754 4331 est,
781 4224 827 4320 ex
851 4249 932 4342 ipsa
960 4248 1182 4342 deprompta
1207 4269 1285 4320 esse
1310 4268 1368 4318 ac-

179 4375 382 4449 cusationis
406 4374 589 4463 formula,
615 4395 701 4446 cum
725 4374 820 4447 item
845 4377 1017 4450 vetustae
1039 4373 1224 4446 formulae
1246 4373 1368 4448 ouius-

178 4502 267 4575 dam
291 4502 409 4577 verba
432 4500 559 4574 adesse
584 4501 785 4575 statuerim
809 4501 873 4576 VI.
901 4501 979 4596 §4²
1007 4503 1185 4576 ὥστεκαὶ
1210 4501 1269 4576 ἄν
1293 4531 1366 4588 τις
