3424 5320
900 459 947 532 80

327 650 465 723 verbis:
502 641 600 739 ἦσαν
625 658 665 721 οἱ
689 647 970 740 ἀφανιοῦνιες,
997 647 1097 741 quod
1122 649 1347 722 vocabulum
1373 649 1517 741 ἀφανι-

327 788 455 861 οόνιες
478 781 517 848 et
540 777 664 870 ipsum
687 799 857 850 summae
882 776 1084 849 obnoxium
1097 778 1154 848 est
1169 776 1382 870 suspicioni.
1397 778 1518 862 Quare

326 927 405 978 voc.
440 903 697 995 ἀφανιοῡντες
730 926 750 976 e
783 904 924 977 vicinia
949 904 1143 974 invectum
1171 925 1270 993 esse,
1296 905 1516 998 scriptorem

326 1034 455 1103 autem
487 1031 777 1122 βεβαιώσοντος
811 1037 987 1124 (quocum
1022 1028 1067 1099 cf.
1102 1027 1197 1119 §lli
1233 1029 1376 1103 dedisse
1401 1032 1515 1124 suspi-

326 1181 399 1231 cor.
441 1156 599 1251 Reliqua
642 1158 737 1229 nulli
772 1156 987 1229 difficultati
1021 1155 1181 1228 obnoxie
1216 1161 1328 1246 sunt,
1364 1160 1516 1251 excepto

325 1285 391 1356 illo
416 1296 679 1373 καταστῆναι,
706 1306 772 1377 pro
798 1306 873 1377 quo
898 1294 1135 1376 μεταστῆναι
1161 1284 1439 1390 rescribendum
1463 1285 1516 1357 vi-

326 1412 446 1485 delur.

373 1538 465 1631 gell.
493 1539 618 1629 ἐπειδὴ
643 1538 685 1614 δὲ
712 1541 903 1614 εὐαόσατο
930 1541 1267 1636 βασανιζόμενος,
1293 1543 1418 1613 οόκείι
1446 1542 1517 1632 ἔφη

325 1698 371 1760 με
401 1671 544 1741 τούτων
575 1670 781 1766 εἰργάσθαι
815 1667 951 1758 ου’δέν,
985 1669 1082 1741 ἀλλά
1107 1673 1150 1742 τὸ
1177 1671 1389 1743 τελευταῖον
1416 1669 1515 1764 ἀπῴ-

325 1804 447 1887 μωξεν
481 1797 550 1888 ἐμέ
580 1825 618 1870 τε
655 1798 721 1870 καὶ
756 1798 876 1869 αὑτὸν
902 1798 954 1882 ὡς
980 1796 1124 1882 ἀδίκως
1150 1798 1444 1889 ἀπολλυμένους,
1472 1799 1517 1870 ου’

326 1926 458 2020 χάριτι
486 1935 528 2017 τῇ
555 1925 623 2017 ἐμῇ
649 1969 694 1978 -
721 1933 800 2008 πῶς
825 1926 917 2022 γάρ,
944 1927 987 2009 ὃς
1013 1953 1053 2022 γε
1079 1928 1346 2016 κατεψεύσατο,
1376 1967 1418 1975 -·
1434 1924 1514 1996 ἀλλ’

326 2055 647 2148 ἀναγκαζόμενος
683 2056 757 2124 eud
795 2062 863 2125 τοῦ
901 2053 1069 2142 ἀληθοῦς
1107 2054 1176 2126 καὶ
1214 2053 1392 2144 βεβαιῶν
1428 2053 1515 2135 τοός

326 2183 495 2277 πρώτους
527 2180 664 2277 λόγους
699 2181 751 2264 ὡς
784 2180 940 2267 ἀληθεῖς
973 2181 1202 2275 εἰρημένους.
1239 2181 1415 2252 Videmus
1441 2180 1515 2251 sin·

326 2311 415 2405 gula
447 2308 629 2401 temporis
663 2313 873 2398 momenta,
907 2309 1042 2402 quibus
1077 2309 1208 2382 infelix
1233 2309 1297 2382 ille
1322 2309 1434 2381 homo
1459 2312 1515 2380 ic-

327 2435 506 2508 slimonia
528 2457 597 2506 suu
618 2434 786 2524 dixerci‚·
805 2436 853 2508 ab
867 2438 1016 2508 oratore
1028 2437 1085 2507 ilc
1098 2436 1275 2525 indicari,
1290 2439 1335 2507 ut
1347 2436 1513 2530 primum

327 2563 469 2637 verbis:
510 2570 656 2654 πρῶτον
693 2567 784 2653 μέν,
822 2565 910 2660 πρὶν
943 2565 1003 2636 ἐπὶ
1036 2565 1105 2636 τὸν
1138 2566 1283 2660 τροχὸν
1310 2563 1514 2656 ἀναβῆναι

326 2689 419 2784 glo.
447 2690 791 2781 circumscribatur,
818 2693 982 2764 alterum
1007 2690 1194 2764 iudicetur
1218 2713 1302 2785 per:
1318 2689 1448 2790 Ιἐπειδὴ
1471 2689 1513 2764 δὲ

327 2822 386 2894 ἐπὶ
411 2821 479 2892 τὸν
503 2821 647 2916 τροχὸν
669 2820 813 2914 ἀνέβη,
836 2821 995 2892 tertium
1018 2842 1117 2892 nunc
1143 2819 1357 2914 designetur
1369 2822 1512 2894 verbis:

325 2945 516 3037 ἐπειδὴδὲ
543 2950 734 3022 ἐπαύσατο
759 2951 1090 3042 βασανιζόμενος.
1116 2949 1189 3038 At,
1215 2972 1302 3021 cum
1322 2949 1398 3020 iam
1419 2951 1515 3040 illud

325 3089 470 3176 πρῶτον
504 3089 578 3168 μέν
609 3078 736 3171 aliqua
768 3101 813 3151 ex
846 3084 956 3172 purte
981 3076 1182 3171 suspicioni
1208 3078 1412 3151 obnoxium
1437 3101 1516 3152 esse

324 3207 459 3304 possit,
485 3206 584 3300 quod
609 3209 649 3278 ei
669 3205 838 3278 abundat
864 3211 902 3279 et
929 3230 952 3277 a
977 3205 1100 3281 codice
1124 3203 1157 3275 Α
1179 3206 1304 3290 abest,
1327 3205 1438 3298 plane
1457 3207 1513 3277 in-

323 3334 537 3408 tolerabilia
575 3332 674 3405 fiunt
711 3334 846 3422 verba,
884 3355 980 3425 quae
1020 3331 1108 3402 huic
1145 3331 1278 3403 lertio:
1316 3329 1441 3420 ἐπειδὴ
1467 3375 1513 3385 -

324 3463 639 3556 βασανιζόμενος
674 3461 842 3532 subiecta
868 3462 977 3547 sunl,
1004 3457 1081 3530 scil.
1110 3456 1206 3529 ἀλλά
1231 3457 1275 3528 τὸ
1300 3459 1514 3533 τελευταῖον

324 3615 359 3685 q.
390 3612 433 3678 s.,
469 3589 500 3660 si
535 3587 582 3658 ud
607 3590 758 3680 tempus
783 3584 1019 3674 referuntur,
1045 3585 1144 3678 quod
1169 3585 1245 3658 illis
1270 3589 1393 3661 verbis
1419 3590 1513 3661 indi-

325 3719 443 3792 catur.
475 3714 575 3788 Nam
608 3714 719 3787 homo
753 3714 817 3786 ille
851 3716 997 3801 torius,
1029 3736 1115 3784 cum
1148 3716 1297 3786 tortura
1332 3716 1513 3790 liberatus

324 3843 511 3917 nihildum
546 3841 701 3923 dixerit,
737 3863 859 3935 neque
885 3842 930 3914 τὸ
956 3841 1171 3914 τελευταῖον
1196 3842 1401 3937 quidquam
1428 3868 1512 3939 prc-

324 3972 458 4045 tulisse
483 3992 571 4044 vere
596 3968 782 4062 perhiberi
808 3972 944 4064 potest.
970 3969 1052 4042 Hoc
1073 3968 1512 4057 fuerit,curJemsiedl-

324 4101 382 4172 ius
416 4120 483 4192 pro
519 4096 578 4168 his
602 4095 725 4168 verbis
752 4097 914 4190 speciose
941 4099 1042 4168 cerie
1067 4095 1283 4168 coniecerit:
1312 4098 1390 4170 ἀλλ’
1418 4101 1514 4172 αὐτὸ

325 4227 576 4313 τούναντίον,
621 4246 737 4317 quam
773 4226 905 4295 tamen
944 4223 1198 4295 coniecturam
1236 4226 1399 4320 recipere
1434 4249 1512 4300 non

325 4356 494 4428 audeam.
521 4349 616 4436 Quid
641 4349 741 4422 enim
768 4349 858 4423 fecii
881 4351 925 4422 τὸ
946 4349 1184 4422 reluctaturi
1206 4351 1436 4426 lamentatus
1455 4358 1513 4428 est

325 4505 433 4556 reum
468 4499 580 4572 seque
611 4476 753 4570 ipsum,
789 4477 1107 4575 ἀναγκαζόμενος
1140 4480 1213 4551 όπὸ
1245 4487 1311 4553 τοῦ
1344 4483 1512 4571 ἀληθοῦς
