3366 5324
908 482 954 554 32

334 691 421 742 cum
457 669 572 744 verba
609 670 752 742 inserta
788 669 953 743 alterum
991 669 1334 764 praegredientium
1365 671 1529 745 efficiant

334 798 566 887 membrum,
604 820 774 892 quaeque
800 820 845 871 ex
878 797 1001 892 priore
1027 801 1324 891 consequantur,
1349 799 1527 872 indicent.

333 923 412 998 Neo
436 925 623 1019 particula
648 925 721 1022 γάρ
745 926 816 999 hoc
841 925 951 998 modo
978 923 1110 997 nativa
1136 947 1205 997 sua
1229 925 1268 998 vi
1295 928 1419 1016 caret,
1443 950 1529 1000 cum

334 1054 540 1142 sententia,
565 1077 680 1148 quam
701 1055 889 1142 instituit,
909 1052 1081 1126 stabiliat
1102 1055 1141 1126 et
1162 1058 1266 1127 certa
1287 1057 1402 1148 atque
1421 1055 1530 1127 firma

334 1180 467 1253 reddat
504 1180 638 1271 verba,
677 1181 812 1275 quibus
849 1181 903 1254 rei
940 1182 1049 1274 pater
1080 1181 1219 1254 iudices
1254 1182 1450 1273 hortatur,
1485 1189 1530 1258 ut

334 1330 480 1397 severe,
513 1308 612 1381 iuste
643 1309 777 1403 pieque
803 1311 842 1381 et
867 1310 994 1382 sancte
1020 1311 1148 1400 agant,
1176 1332 1271 1384 neve
1295 1310 1427 1405 iniquo
1453 1313 1529 1386 lae-

334 1437 428 1510 dant
451 1437 588 1510 iudicio
613 1437 671 1510 ius
700 1437 911 1509 humanum
937 1439 1051 1530 atque
1076 1437 1259 1511 divinum.

383 1564 575 1637 Restituto
595 1564 725 1660 igitur,
741 1568 790 1637 *ut
811 1586 938 1659 spero,
959 1565 1060 1638 iusto
1078 1564 1206 1638 ordine
1219 1568 1529 1659 enuntiatorum,

334 1695 455 1765 restat
489 1692 610 1764 altera
639 1690 836 1764 difficultas
861 1690 1112 1780 removenda,
1135 1714 1233 1785 quae
1257 1693 1381 1786 posita
1406 1697 1465 1768 est
1488 1695 1529 1766 in
1551 1683 1552 1686 '

336 1820 477 1894 verbis:
509 1826 579 1910 τήν
603 1846 642 1893 τε
667 1820 733 1892 οὖν
757 1819 961 1912 εὐσέβειαν
987 1821 1131 1892 τούτων
1155 1829 1233 1894 τῶν
1258 1827 1529 1917 πραχθέντων,
1563 1807 1570 1820 ’

335 1970 496 2041 quorum
531 1969 578 2020 ne
611 1947 751 2019 Reislxii
785 1947 937 2041 quidem
976 1947 1264 2041 explicationem
1299 1949 1335 2022 h.
1349 1950 1374 2022 l.
1402 1973 1530 2025 conco·

335 2096 449 2168 quere
473 2075 591 2148 valeo.
632 2073 703 2160 oui
728 2075 786 2148 vir
810 2075 944 2148 doctus
969 2077 1010 2150 et
1033 2098 1170 2171 sagax,
1196 2099 1300 2150 more
1325 2101 1392 2151 suo
1422 2101 1529 2152 accu-

336 2204 419 2274 rate
444 2222 524 2273 rem
548 2205 750 2296 reputans,
772 2225 856 2276 eam
877 2203 1021 2297 profert
1037 2203 1408 2307 interpretationem,
1431 2229 1529 2300 quae

336 2329 459 2403 verbis
481 2351 606 2423 perse
627 2329 804 2424 spectatis
822 2330 965 2424 optime
989 2331 1206 2404 conveniat:
1233 2334 1430 2427 ,εὐσέβεια
1451 2345 1531 2408 τῶν

336 2462 595 2553 πραχθέντων
621 2461 679 2530 est
703 2480 762 2530 res
785 2458 841 2531 ita
866 2461 991 2553 gesta,
1018 2481 1085 2531 seu
1111 2459 1165 2531 rei
1190 2465 1318 2554 gestae
1344 2485 1389 2536 ea
1409 2463 1528 2554 ratio,

339 2587 385 2657 ut
421 2585 462 2657 in
499 2584 708 2680 peragenda
741 2585 953 2658 reverentia
984 2585 1138 2658 deorum
1173 2609 1239 2660 seu
1270 2589 1328 2661 ius
1357 2589 1530 2664 divinum

336 2701 620 2810 humanumque
640 2714 745 2788 nullo
766 2713 875 2788 modo
898 2714 1124 2805 laederetur,
1146 2737 1204 2789 res
1217 2718 1344 2790 sancte
1356 2717 1530 2813 iusteque

337 2848 433 2918 aeta.
473 2842 674 2917 αἰδεῖσθαι
710 2844 777 2931 τὴν
813 2851 890 2915 τῶν
927 2848 1185 2939 πραχθέντων
1222 2845 1424 2948 εὐσέβριαν
1449 2850 1529 2937 est,

336 2994 467 3046 cavere
499 2995 547 3044 ne
581 2995 681 3061 rem,
715 2971 821 3045 velut
855 2971 1096 3059 sceleratam,
1123 2971 1276 3064 punias,
1302 2995 1406 3064 eam,
1432 2996 1530 3068 quae

336 3100 376 3172 in
409 3122 448 3172 se
482 3100 532 3173 sit
564 3100 646 3196 pia,
673 3100 775 3172 iusta
802 3102 842 3172 et
866 3098 1032 3172 sancta.‘'
1073 3098 1210 3172 Videat
1235 3101 1411 3196 quisque,
1438 3102 1530 3196 quid

337 3226 382 3299 de
417 3227 487 3300 hac
517 3227 763 3320 explicatione
798 3230 965 3314 statuat;
1002 3249 1069 3321 ego
1096 3230 1224 3300 autem
1251 3228 1298 3299 ad
1324 3229 1421 3302 hanc
1446 3252 1528 3324 per-

336 3353 451 3426 ducor
470 3354 720 3445 sententiam,
737 3357 782 3426 ut
795 3354 944 3427 credam
957 3409 965 3444 ,
979 3353 1192 3442 Reiskium,
1206 3378 1280 3449 quo
1294 3360 1378 3430 erat
1390 3359 1529 3431 mentis

337 3480 529 3569 acumine,
555 3480 697 3575 optime
721 3481 877 3554 sensisse
902 3480 1183 3572 difficultatem,
1208 3505 1305 3578 quae
1326 3484 1383 3557 his
1405 3487 1529 3560 verbis

336 3607 454 3697 inest,
480 3629 547 3680 nec
571 3611 701 3681 tamen
727 3631 860 3681 ausum
887 3631 965 3682 esse
999 3609 1131 3682 audaci
1157 3633 1274 3683 manu
1299 3633 1383 3684 eam
1408 3636 1529 3688 remo-

337 3757 433 3810 vere.
485 3733 572 3807 Non
597 3738 690 3808 tam
728 3736 995 3829 circumspecte
1032 3737 1109 3831 egit
1145 3737 1320 3830 Pahlius,
1357 3741 1423 3835 qui
1442 3765 1529 3835 -pro

336 3867 481 3938 τούτων
506 3863 710 3938 rescribens
737 3869 856 3958 ἡμῶν,
882 3864 997 3938 verba
1023 3873 1100 3939 τῶν
1126 3871 1385 3961 πραχθέντων
1411 3868 1528 3942 deleri

335 3993 460 4082 iubet,
493 4013 644 4085 -quo
678 3991 780 4082 iure,
815 3993 894 4087 ipse
933 3992 1080 4066 viderit.
1118 3992 1178 4066 Me
1212 3994 1353 4086 iudice,
1392 3996 1529 4089 verba,

336 4143 433 4216 quae
458 4119 628 4207 exstant,
655 4125 724 4208 τὴν
750 4149 788 4193 τε
814 4119 878 4194 οὗν
904 4121 1109 4211 εὐσέβειαν
1132 4123 1273 4195 τούτων
1299 4131 1376 4198 τῶν
1402 4152 1528 4220 πραχ-

337 4255 494 4335 θέντων,
521 4247 622 4318 recte
648 4266 687 4317 se
710 4246 911 4337 haberent,
937 4247 969 4320 si
994 4247 1044 4337 is,
1071 4247 1137 4341 qui
1165 4249 1279 4321 verba
1304 4249 1416 4342 facit,
1442 4275 1528 4327 con·

336 4375 519 4464 fiteretur,
553 4371 674 4444 filium
708 4373 858 4447 eaedem
882 4351 1058 4470 quidem,
1080 4374 1144 4447 sed
1170 4399 1245 4450 non
1270 4378 1528 4453 voluntariam

336 4503 488 4578 caedem
521 4500 759 4576 commisisse.
798 4502 891 4576 cum
925 4526 1014 4580 vero
1047 4525 1094 4576 ne
1126 4503 1197 4578 hoc
1221 4507 1372 4600 quidem
1398 4531 1526 4583 conce·
