3366 5324
905 417 948 505 18

345 617 675 713 cognoscerentur,
708 642 794 693 eum
829 621 1014 694 occidisse.
1050 620 1150 694 Nam
1185 625 1269 694 tum
1304 619 1488 715 postridie
1524 645 1551 692 a

344 768 524 838 praecone
554 750 758 842 utrumque
783 749 920 839 scelus,
947 753 986 822 et
1010 748 1200 822 interfecti
1224 749 1298 822 viri
1322 750 1548 824 innocentis

344 878 383 948 et
416 875 529 964 illud,
563 876 662 970 quod
694 879 779 948 tum
813 877 1143 966 committebatur,
1178 877 1252 949 toti
1286 878 1372 949 urbi
1408 877 1548 971 palam

337 1004 481 1076 factum
506 1008 613 1078 esset.
637 1005 691 1077 At
713 1005 928 1096 videamuS,
948 1029 1023 1100 quo
1043 1006 1197 1080 nomine
1218 1007 1384 1100 appellet
1407 1010 1548 1080 orator

335 1133 420 1207 illos
453 1133 615 1207 nefarios
641 1137 680 1206 et
702 1135 885 1208 scelestos.
912 1132 1123 1207 Nimirum:
1150 1134 1260 1206 ἄλλοι
1280 1133 1386 1217 τινὲς
1407 1139 1546 1232 ἕτερόν

336 1291 376 1333 τι
405 1271 579 1338 τοιοῦτον
603 1273 921 1360 κακουργοῦντες,
949 1263 1151 1357 inquibus
1177 1263 1300 1337 verbis
1328 1286 1411 1338 voc.
1439 1291 1544 1338 aare·
1650 1242 1651 1245 Ἴ

336 1401 561 1486 οοργοῡκτες
591 1391 755 1481 indicat,
781 1391 840 1481 id,
866 1391 966 1486 quod
992 1391 1049 1462 illi
1074 1389 1183 1464 ἄλλοι
1210 1396 1317 1476 τινές
1344 1392 1541 1483 facerent,

270 1539 273 1548 ’
335 1518 562 1591 maleficium
587 1539 677 1592 esse.
710 1518 792 1592 Hac
818 1520 971 1592 notione
997 1520 1078 1592 sola
1100 1519 1137 1591 h.
1152 1520 1176 1592 l.
1201 1543 1293 1614 opus
1317 1524 1394 1609 est,
1414 1521 1472 1594 ita
1492 1524 1544 1593 ut

336 1645 508 1718 additum
528 1647 623 1718 illud
644 1655 817 1721 τοιοῦτοι1
838 1647 964 1721 010000
986 1646 1122 1742 possit;
1147 1648 1246 1741 quod
1264 1651 1394 1721 tamen
1408 1649 1541 1721 delen·
1650 1622 1651 1629 ¹

338 1774 430 1847 dum
464 1797 542 1848 esse
572 1776 794 1849 contendere
821 1799 897 1849 non
923 1776 1056 1849 ausim.
1085 1773 1184 1848 Nam
1210 1777 1300 1849 talis
1327 1780 1384 1849 est
1410 1779 1540 1872 graeci

339 1903 521 1976 sermonis
547 1905 733 1994 condicio,
759 1908 803 1977 ut
827 1905 953 1995 noti0,
973 1927 1070 1998 quae
1091 1927 1178 1977 cum
1199 1905 1238 1978 vi
1260 1905 1449 1978 efferenda
1462 1909 1537 1995 est,

337 2055 414 2104 non
438 2054 514 2106 uno
539 2036 692 2106 tantum
715 2034 897 2107 vocabulo
918 2032 1118 2123 reddatur,
1139 2033 1202 2105 sed
1224 2035 1307 2105 tam
1323 2033 1402 2106 alte
1416 2034 1537 2106 etiam

338 2162 461 2236 vicina
493 2163 608 2237 verba
641 2165 834 2256 penetret,
868 2166 914 2234 ut
940 2185 1007 2256 pro
1033 2184 1098 2250 eo,
1123 2163 1221 2255 quod
1250 2164 1534 2256 exspectamus,

338 2290 540 2380 vocabulo,
562 2291 726 2384 eligatur
746 2289 869 2379 aliud,
890 2290 990 2384 quod
1011 2289 1205 2362 notionem
1228 2290 1335 2361 illam
1356 2293 1394 2360 01
1406 2290 1536 2383 ipsum
1650 2370 1651 2373 Ἴ

338 2416 416 2488 iam
450 2439 540 2511 prae
574 2439 613 2490 se
644 2416 752 2490 ferat.
788 2417 868 2490 Hoc
901 2416 1278 2490 animadvertendum
1304 2419 1459 2512 putavi,
1486 2442 1536 2492 ne

337 2543 419 2637 quis
452 2545 577 2619 locum
603 2543 833 2617 adverbum
858 2548 1009 2618 vertens
1035 2547 1074 2618 01
1100 2543 1328 2618 adiectivum
1356 2555 1535 2620 τοιοῦτον

339 2673 451 2744 nimis
477 2696 632 2767 urgens,
653 2673 710 2745 ita
732 2674 953 2767 explicaret,
975 2678 1020 2746 ut
1042 2673 1201 2746 diceret:
1224 2675 1424 2748 sceleratos
1445 2676 1534 2749 11100

339 2805 556 2895 conspectos
590 2823 669 2874 esse
701 2801 741 2872 in
776 2802 850 2874 alio
876 2804 916 2875 et
941 2800 1093 2894 quidem
1118 2800 1233 2878 simili
1258 2801 1422 2876 facinore
1448 2826 1534 2898 per-

338 2930 540 3024 petrando,
574 2952 622 3004 sc.
656 2930 697 3002 in
722 2929 887 3002 necando
914 2928 1077 3001 homine.
1102 2927 1204 3001 Nam
1230 2930 1261 3002 si
1289 2930 1359 3002 hac
1384 2931 1534 3006 ratione
1650 2954 1651 2975 ¹

337 3058 626 3152 explicaremus,
656 3057 732 3128 iam
759 3079 869 3151 porro
894 3057 1024 3150 quaeri
1049 3056 1199 3146 liceret,
1226 3057 1412 3151 quomodo
1436 3060 1533 3131 seire

338 3186 525 3280 potuerit,
559 3185 644 3256 illos
678 3183 847 3256 homines
882 3187 1050 3278 patrasse
1079 3206 1219 3258 necem.
1255 3183 1329 3275 At,
1356 3187 1532 3278 quamvis

338 3313 408 3386 hoc
440 3334 519 3386 voc.
546 3321 721 3386 τοιοῦτον
746 3311 1035 3405 haudquaquam
1066 3312 1268 3385 delendum
1293 3313 1534 3407 putaverim,

337 3447 466 3514 tamen
493 3441 631 3513 mirum
658 3443 734 3529 est,
755 3439 854 3533 quod
876 3439 1070 3513 omittitur
1090 3441 1204 3512 simili
1224 3441 1325 3530 loco,
1348 3463 1396 3513 sc.
1419 3441 1532 3514 huius

338 3570 561 3665 tetralogiae
594 3571 636 3662 β.
664 3568 745 3660 56,
772 3569 837 3641 ubi
858 3569 1037 3663 legimus:
1064 3569 1103 3642 α’
1122 3567 1162 3641 δὲ
1187 3572 1239 3661 μὴ
1265 3570 1333 3641 κατ’
1360 3570 1420 3642 ἐπὶ
1446 3580 1531 3654 τοῖς

339 3698 515 3795 ἱματίοις
547 3696 759 3795 διεφθάρη,
794 3695 871 3768 ἀλλ’
906 3698 1055 3792 ἑτέρους
1088 3694 1183 3770 ἰδὼν
1219 3695 1310 3769 ἄλλο
1344 3727 1382 3770 τι
1408 3700 1531 3772 κακὸν

338 3839 561 3915 ποιοῦντας,
597 3832 664 3902 ἵνα
699 3831 751 3918 μὴ
784 3829 951 3919 μηνυτὴς
984 3836 1050 3901 τοῦ
1080 3824 1324 3919 ἀδικήματος
1349 3836 1527 3926 γένηται,

339 3962 537 4036 ἀπέθανεν
562 3959 769 4046 ὑπἀὐτών,
783 3955 843 4039 τίς
866 3952 963 4044 οἶδο;

386 4091 562 4165 Ceterum
599 4088 661 4160 hic
695 4088 797 4159 locus
835 4086 960 4158 afferri
997 4086 1116 4181 possit
1153 4089 1200 4160 ad
1240 4086 1527 4175 stabiliendum,

338 4221 440 4314 quod·
471 4218 565 4290 mihi
597 4236 796 4310 agnoscere
821 4213 969 4303 videor,
995 4213 1152 4287 Graecos
1178 4214 1367 4286 interdum
1395 4215 1528 4308 promi-

338 4370 422 4421 scue
456 4345 668 4420 adhibuisse
701 4340 970 4436 imperfectum
1004 4345 1043 4414 et
1076 4339 1280 4414 Acrisium.
1308 4341 1402 4414 Cum
1428 4341 1528 4414 enim

336 4477 591 4572 exspectemus
628 4473 851 4566 usurpatam
882 4492 959 4543 esse
993 4471 1041 4542 ad
1074 4469 1314 4543 indicandum
1347 4470 1527 4564 temporis
