3366 5324
909 499 954 578 26

327 693 425 769 hano
471 696 806 791 nterpretationem
841 697 922 769 viro
955 695 1170 769 doctissimo
1195 695 1388 791 indignam
1415 719 1517 788 esse,

326 846 437 896 nemo
470 847 546 898 non
579 824 778 918 intellegit.
813 823 876 896 Ita
900 824 973 898 viri
999 823 1118 913 docti,
1143 824 1213 896 hoe
1236 826 1378 918 spreta,
1406 825 1514 899 varia

325 952 401 1024 iam
418 954 483 1025 ·ad
516 952 777 1026 difficultatem
811 951 1121 1026 summovendam
1155 954 1452 1046 proposuerunt,
1491 976 1512 1027 e

325 1081 479 1175 quibus,
514 1081 613 1176 quod
647 1081 865 1176 Spengelius
898 1081 993 1153 Mus.
1028 1080 1148 1154 Rhen.
1183 1078 1292 1152 XVII
1317 1104 1400 1176 pag.
1433 1080 1513 1154 169.

325 1210 500 1283 coniecit:
528 1211 576 1281 τά
602 1207 651 1282 δέ
673 1210 837 1284 τέῐκότα
863 1211 911 1281 τά
936 1207 1085 1294 felliu,
1111 1209 1247 1281 idcireo
1267 1209 1342 1280 iam
1364 1208 1514 1302 repudi·

325 1338 465 1410 andum
490 1342 602 1433 puto,
628 1339 728 1434 quod
753 1341 804 1412 sie
830 1340 942 1412 nimis
966 1338 1144 1434 languida
1169 1337 1276 1411 fieret
1300 1337 1356 1410 rei
1377 1338 1509 1411 oratio.

323 1466 582 1540 Bohlmannus
616 1471 765 1558 autem,
800 1468 867 1561 qui
904 1466 1206 1561 ,Antiphontea'’
1240 1489 1324 1561 pag.
1363 1467 1406 1538 12
1432 1487 1509 1560 seq.

323 1594 501 1666 lacunam
527 1597 769 1669 statuendam
795 1595 1009 1684 existimat,
1029 1618 1144 1689 quam
1158 1594 1284 1689 explet
1296 1594 1510 1669 scribendo:

325 1721 374 1794 τά
406 1719 573 1796 δἐίκότα
605 1725 676 1800 (ου’
700 1726 792 1820 πρὸς
816 1725 984 1803 τούτων)
1010 1721 1103 1794 dila*
1128 1724 1220 1820 πρὸς
1247 1724 1339 1816 ἐμοῦ
1364 1723 1514 1815 μᾶλλον

325 1848 596 1924 ἀποδέδεικται
621 1853 735 1939 ὄντα,
763 1851 971 1925 orationem
997 1853 1129 1925 onerat
1154 1851 1413 1924 additamento
1426 1855 1510 1924 tam

325 1981 452 2052 inutili
490 2005 606 2075 quam
645 1981 751 2054 falso.
786 1979 886 2053 Nam
920 1981 1134 2074 oppositum
1167 1982 1385 2054 verborum:
1421 1981 1516 2077 πρὸς

326 2110 419 2202 ἐμοῦ
457 2132 533 2183 non
573 2112 649 2182 est:
691 2111 784 2206 πρὸς
821 2110 982 2197 τούτων,
1018 2107 1083 2181 sed
1116 2108 1261 2202 potius:
1296 2108 1382 2180 κατ’
1410 2111 1514 2203 ἐμοῦ.

325 2237 444 2332 Magis
478 2239 572 2310 mihi
607 2239 729 2332 placet
764 2237 919 2333 Sauppii
943 2237 1061 2326 ratio,
1087 2237 1152 2331 qui
1177 2236 1277 2311 voeis
1302 2237 1396 2310 ἄλλα
1421 2238 1517 2310 nihil

325 2366 397 2438 nisi
423 2370 620 2438 accentum
646 2369 819 2453 1111111111,
841 2368 926 2459 post
946 2365 995 2436 ut
1016 2361 1185 2438 δἐἰκότα
1206 2365 1379 2460 figuram,
1399 2389 1516 2460 quam

327 2494 566 2590 grammatici
592 2494 724 2566 dieunt
750 2493 1016 2582 ἀποσιώπησιν
1042 2495 1171 2568 adesse
1197 2494 1354 2582 statuit,
1381 2494 1457 2584 ita,
1471 2496 1516 2566 ut

325 2645 430 2712 reus,
464 2621 570 2716 quasi
594 2621 898 2716 indignabundus
923 2622 1040 2694 dieat:
1067 2621 1166 2716 quod
1192 2621 1333 2693 attinet
1355 2621 1404 2693 ad
1429 2643 1513 2714 pro-

326 2751 566 2823 babilitatem
601 2791 639 2802 -
680 2750 744 2822 sed
776 2753 882 2822 taeeo
908 2750 1032 2844 potius
1059 2751 1103 2824 de
1128 2750 1280 2837 haere,
1306 2772 1393 2820 nam
1422 2751 1513 2823 satis

325 2901 507 2974 superque
539 2879 617 2950 iam
651 2879 924 2969 demonstravi,
959 2878 1056 2951 hano
1089 2899 1237 2972 quoque
1263 2900 1286 2948 a
1311 2877 1404 2951 meis
1429 2901 1513 2972 par-

323 3006 426 3079 tibus
459 3010 570 3080 stare.
608 3007 792 3079 Attamen
825 3028 872 3079 ne
908 3006 1000 3079 haee
1036 3006 1188 3101 quidem
1223 3004 1439 3078 coniectura
1464 3006 1511 3076 ab

325 3135 429 3207 omni
462 3138 569 3229 parte
602 3133 796 3207 satisfacit.
829 3133 927 3206 Nam
953 3134 1147 3221 hocloco,
1173 3133 1238 3205 ubi
1264 3132 1378 3226 priori
1405 3154 1510 3205 aecu-

324 3262 458 3334 satoris
494 3263 648 3335 erimine
683 3261 883 3350 dissolute,
910 3262 1074 3334 alterum
1099 3261 1175 3333 iam
1201 3260 1420 3333 diluendum
1448 3284 1512 3357 ag-

323 3388 492 3485 greditur
535 3411 640 3478 reus,
679 3388 828 3480 eodem,
868 3411 942 3483 quo
980 3391 1094 3462 antea
1130 3412 1221 3461 usus
1259 3392 1341 3461 erat
1379 3392 1510 3462 tenere

324 3516 555 3611 pergendum
580 3519 657 3604 est,
682 3517 739 3588 ita
765 3521 809 3589 ut
830 3516 957 3589 nullus
971 3516 1068 3589 adsit
1080 3517 1183 3590 locus
1198 3517 1233 3590 ei
1245 3529 1311 3607 τῆς
1324 3515 1510 3603 διανοίας

324 3650 513 3740 σχήματι,
527 3644 627 3738 quod
639 3647 793 3717 tantum
807 3645 981 3717 exanimi
994 3644 1265 3740 indignabundi
1278 3647 1512 3736 inuitatione,

324 3796 420 3868 quae
452 3773 539 3846 hino
574 3773 698 3845 aliena
730 3776 807 3863 est,
841 3773 989 3867 prodire
1021 3776 1154 3868 potest.
1183 3774 1390 3847 'Praeterea
1422 3775 1513 3848 haee

324 3901 539 3974 coniectura
564 3903 711 3989 artum,
737 3924 852 3995 quem
875 3901 1100 3995 requirimus
1126 3923 1309 3974 conexum
1329 3924 1415 3974 eum
1428 3926 1512 3998 pro·

322 4030 422 4101 xime
448 4027 754 4123 praesedentibus
781 4029 936 4101 dirimit.
958 4027 1089 4126 Neque
1110 4027 1334 4102 Schoellium
1348 4053 1415 4124 pro
1428 4029 1510 4102 ἀλλ’

320 4156 588 4230 restituentem
602 4154 757 4228 ἅπαντα
771 4155 878 4230 facile
894 4157 1151 4250 probaverim,
1165 4180 1255 4228 nam
1268 4179 1354 4229 cum
1369 4181 1505 4253 parum

323 4283 585 4377 perspicimuS,
620 4283 806 4377 quomodo
838 4284 929 4358 haee
963 4284 1144 4358 voeabula
1178 4285 1341 4358 intense
1367 4286 1512 4358 mutari

323 4411 537 4505 potuerint,
571 4415 655 4484 tum
687 4433 732 4484 ea
763 4413 977 4486 coniectura
1002 4435 1078 4485 non
1103 4435 1148 4486 ex
1173 4415 1275 4487 omni
1299 4416 1407 4508 parte
1432 4436 1513 4487 rem

322 4539 460 4634 tangit.
486 4537 582 4624 Quid
607 4543 712 4614 totus
732 4540 835 4614 loeus
855 4541 1022 4636 flagitet,
1046 4540 1214 4615 videmus
1237 4542 1386 4636 exips0‚
1399 4563 1514 4636 quem
