3366 5324
798 397 805 412 ⁸
917 455 937 528 a

330 643 468 732 attic0,
493 646 561 716 aut
586 643 812 738 Antiphonti
836 644 971 717 saltem
998 643 1280 733 abiudicentur‚
1306 642 1352 715 cf.
1374 641 1421 715 H.
1443 665 1519 716 van

330 769 570 860 Herwerdcn,
596 770 837 866 Mnemosyne
863 795 899 844 n.
923 794 951 843 s.
973 770 1046 860 IX,
1073 793 1157 866 pag.
1186 769 1255 842 203
1277 770 1397 863 (cuius
1418 792 1518 842 scru-

330 899 429 992 pulis
466 899 514 971 ad
547 898 748 973 dictionem
783 899 1038 993 spectantibus
1073 921 1102 972 e.
1134 921 1169 994 g.
1203 898 1340 993 opponi
1374 900 1520 991 potest,

324 1025 423 1118 quod
449 1026 567 1098 etiam
598 1024 650 1096 VI
680 1024 737 1116 §4
764 1025 804 1097 in
827 1026 1012 1098 codicibus
1033 1025 1174 1120 legitur
1195 1024 1335 1098 forma:
1359 1025 1519 1099 παλαιό-

323 1179 442 1241 τατα,
465 1155 513 1225 ab
536 1153 829 1227 Atheniensibus
851 1176 999 1249 semper
1018 1157 1161 1248 spreta3
1184 1153 1230 1226 cf.
1254 1153 1371 1247 ipsius
1390 1154 1518 1227 adnot.

325 1283 463 1354 Mncm.
499 1280 572 1371 XI,
597 1304 682 1376 pag.
708 1281 793 1372 221)
818 1283 858 1353 et
883 1281 1194 1376 Dittenbergerus
1219 1281 1384 1354 Hermae
1407 1281 1519 1371 XVI,

327 1432 411 1504 pag.
447 1407 530 1482 329.
565 1407 704 1480 Contra
728 1408 796 1479 hos
823 1409 954 1481 autem
975 1408 1093 1498 viros,
1115 1411 1160 1480 ut
1179 1407 1225 1481 de
1246 1407 1329 1480 aliis
1350 1412 1519 1498 taccam,

325 1537 532 1610 rectissime
565 1559 627 1610 eas
654 1536 910 1610 oratiunculas
935 1536 1162 1630 Antiphonti
1188 1537 1396 1610 vindicavit
1420 1537 1455 1610 J.
1482 1537 1519 1610 J.

325 1665 560 1738 Hartmanus
586 1664 731 1751 „studia
752 1662 1033 1757 Antiphontea’'
1055 1664 1095 1734 in
1118 1667 1398 1759 programmate
1413 1687 1520 1760 gym-

326 1793 422 1865 nasii
448 1792 638 1865 Leidensis
667 1791 779 1881 1882,
805 1813 888 1885 pag.
917 1789 1073 1863 36-39.

377 1921 449 2010 At,
474 1922 520 1992 ut
544 1920 634 1993 haec
662 1919 906 2006 omittamus,
931 1940 1070 2013 magna
1094 1919 1192 2008 iam,
1219 1942 1316 2013 quae
1341 1920 1521 2014 impedit,

327 2049 526 2143 quominus
550 2046 794 2141 Antiphontis
817 2047 996 2141 reliquiae
1018 2069 1104 2120 cum
1126 2048 1377 2122 delectatione
1394 2049 1521 2144 legan-

325 2179 407 2266 tur,
441 2176 550 2249 adest
583 2197 706 2248 causa.
742 2173 921 2259 Quamvis
956 2175 1057 2249 enim
1086 2175 1312 2250 immensam
1337 2199 1403 2271 per
1428 2177 1521 2250 haec

327 2309 491 2398 quatuor
525 2303 715 2377 decennia·
734 2302 806 2376 viri
837 2302 938 2376 docti
974 2326 1127 2397 operam
1154 2303 1378 2378 navaverint
1404 2305 1521 2399 expli-

292 2431 296 2438 ’
326 2431 454 2504 condis
492 2433 532 2503 et
568 2429 809 2503 emendandis
847 2429 1069 2503 Rhamnusii
1107 2433 1360 2521 orationibus,
1394 2433 1520 2505 multa

327 2562 456 2632 tamen
486 2569 571 2643 τοῖς
596 2560 791 2655 ἐπιγόνοις
816 2558 1052 2652 reliquerunt
1078 2559 1312 2653 explananda
1342 2564 1381 2633 et
1406 2561 1518 2634 corri-

326 2687 458 2782 genda.
492 2686 593 2758 Nam
619 2687 829 2760 miserrime
853 2686 1077 2780 depravatas
1104 2683 1281 2760 lectiones
1308 2688 1381 2762 duo
1402 2689 1520 2782 potis·

328 2814 467 2886 simum
488 2857 534 2868 -
556 2817 602 2886 ut
622 2814 668 2887 de
690 2815 842 2903 ceteris,
868 2835 964 2907 quae
986 2835 1030 2885 ex
1044 2813 1090 2885 iis
1104 2813 1285 2908 originem
1299 2817 1519 2905 traxerunt,

327 2945 474 3016 taceam
500 2986 544 2995 —
575 2943 681 3016 nobis
718 2942 877 3014 tradunt
915 2942 1147 3036 apographa;
1186 2943 1232 3016 de
1271 2945 1407 3037 quibus
1441 2945 1520 3016 iam

326 3071 538 3143 accuratius
562 3070 770 3142 dicendum.
799 3069 965 3154 Quorum
991 3069 1094 3163 prius
1121 3073 1180 3143 est

377 3198 429 3270 A:
451 3199 566 3272 codex
588 3197 847 3291 Orippsianus,
866 3195 1191 3286 membranaceus,
1215 3197 1280 3291 qui
1295 3198 1409 3269 etiam
1423 3199 1518 3271 Bur-

328 3327 485 3400 neianus
517 3325 730 3420 appellatur
760 3323 848 3416 (95).
883 3323 994 3395 Hunc
1019 3323 1203 3414 codicem,
1229 3325 1413 3418 scriptum
1438 3348 1518 3400 sae-

328 3453 412 3527 culo
445 3451 558 3542 ΧΙΙΙ,
591 3475 677 3525 cum
711 3474 756 3525 ex
789 3451 1014 3544 Batcpedio,
1037 3452 1177 3525 montis
1202 3452 1360 3527 Athonis
1387 3477 1518 3528 mona-

329 3581 464 3670 sterio,
486 3604 509 3652 a
530 3580 697 3674 principe
719 3580 881 3673 quodam
894 3601 1025 3674 graeco
1039 3579 1404 3675 Constantinopolim
1417 3582 1517 3655 dela·

328 3712 391 3782 tus
405 3714 501 3782 essct
520 3707 580 3799 (cf.
595 3707 638 3780 V.
653 3707 678 3780 J
679 3707 873 3780 ernstedtii
887 3706 1061 3779 editionis
1075 3708 1231 3801 praelat.
1246 3731 1329 3804 pag.
1344 3709 1519 3802 XXVII),

180 3929 183 3935 Ι
328 3837 387 3911 Jo.
410 3836 520 3908 Mart.
541 3835 670 3930 Oripps
684 3835 892 3906 Britannus
905 3833 1019 3921 emit,
1034 3838 1279 3928 emptumque
1292 3835 1518 3936 Londinium

328 3964 477 4037 detulit.
504 3963 563 4034 lbi
587 3986 621 4034 a.
652 3961 744 4033 1812
778 3961 818 4033 in
847 3959 927 4033 Gar.
965 3959 1119 4033 Burneii
1145 3961 1410 4035 bibliothecam
1434 3985 1517 4057 per·

330 4092 455 4181 venit,
481 4113 578 4185 quae
604 4088 717 4182 paulo
743 4091 943 4182 postquam
962 4085 1147 4158 Burneius
1160 4088 1230 4160 sub
1243 4087 1358 4160 finem
1371 4112 1405 4161 a.
1424 4089 1516 4166 1817

330 4220 444 4292 morti
457 4219 643 4308 occubuit,
658 4238 786 4288 museo
800 4215 1019 4287 Britannico
1033 4213 1211 4288 adiuncta
1224 4219 1293 4307 est,
1307 4217 1372 4290 ubi
1385 4217 1518 4294 deinde

331 4349 497 4442 (Burney
520 4345 577 4421 st.
604 4347 699 4441 plut.
726 4343 830 4416 CLX.
853 4342 898 4434 D)
928 4344 1155 4415 asservatur.

378 4477 486 4550 Alter
510 4475 626 4549 codex
651 4477 709 4548 est
