3424 5320
917 479 983 551 102

346 671 485 762 inesse,
519 693 587 767 ego
621 693 738 765 quam
769 669 933 742 maxime
967 667 1154 763 suspicor,
1181 668 1252 740 etsi
1278 667 1373 742 nihil
1398 666 1543 755 adhue,

348 799 447 893 quod
473 799 565 872 satis
590 801 741 894 placeat
765 798 978 894 excogitare
1003 796 1122 871 valeo.

396 926 534 1022 Magna
567 928 606 1001 in
632 928 875 1022 sequentibus
901 926 991 999 viris
1016 923 1135 997 doctis
1161 924 1249 998 inde
1275 927 1366 997 nata
1392 927 1451 998 est
1475 924 1545 996 dif-

348 1053 515 1143 ficultas,
552 1054 670 1148 quod,
704 1076 800 1147 quae
832 1052 956 1126 verbis
989 1053 1080 1134 τοὺς
1111 1055 1186 1144 μέν
1221 1050 1445 1145 respondere
1478 1074 1544 1124 ex-

348 1184 578 1276 spectamus:
605 1182 693 1266 τούς
716 1179 765 1255 δέ
780 1181 921 1254 frustra
941 1181 1187 1274 quaeruntur.
1209 1177 1268 1252 Ne
1288 1179 1406 1273 igitur
1420 1179 1542 1252 oratio

348 1309 598 1400 claudicaret,
616 1309 809 1393 Reiskius,
832 1330 945 1402 quem
966 1307 1202 1379 Mastanerus
1214 1305 1239 1377 J
1240 1305 1543 1400 emstedtiusque

350 1437 469 1509 secuti
493 1439 604 1526 sunt,
630 1437 731 1510 inter
751 1437 948 1531 πολεμίοις
969 1447 1052 1518 τοῖς
1072 1436 1270 1530 ὑμετέροις
1292 1435 1332 1505 et
1344 1433 1412 1506 καὶ
1425 1431 1542 1518 δι’κοις

348 1560 424 1635 ἀπὸ
462 1565 671 1657 §reficiar
707 1563 866 1636 inseruit
905 1562 1068 1636 alterum
1107 1563 1320 1635 membrum
1358 1561 1445 1646 τοὺς
1478 1561 1542 1651 δέ,

289 1667 292 1674 ’
349 1689 512 1762 Blassius
537 1713 626 1764 vero
652 1689 999 1783 Herwerdenusque
1023 1689 1062 1760 id
1087 1688 1259 1783 supplere
1285 1690 1437 1762 malunt
1456 1693 1542 1784 post

314 1832 319 1840 ’
349 1816 628 1890 antecedentia:
676 1817 732 1902 εἰς
780 1819 848 1906 τὴν
885 1820 1035 1912 ἤπειρον
1074 1816 1221 1902 ἰόντας.
1260 1815 1353 1888 Cum
1391 1819 1541 1908 autem,

350 1943 449 2036 quod
482 1943 656 2017 Reiskius
692 1943 905 2039 proposuit,
932 1966 955 2014 a
980 1944 1169 2016 sententia
1194 1946 1296 2017 recte
1320 1966 1360 2016 se
1384 1944 1540 2034 habeat,

351 2071 545 2165 equidem,
590 2072 690 2166 quod
732 2071 780 2145 ad
821 2071 1055 2151 Blaesianum
1103 2071 1379 2160 coniecturam,
1408 2044 1543 2164 ¹neque

349 2197 439 2292 quid
466 2221 511 2270 ea
535 2199 727 2272 lucremur
751 2199 877 2288 video,
904 2220 1045 2292 neque,
1067 2198 1252 2293 quomodo
1276 2198 1427 2271 omnino
1450 2199 1542 2270 satis

350 2325 498 2397 defendi
531 2326 650 2419 possit
686 2326 874 2420 intellego.
900 2324 1021 2416 Nam,
1051 2326 1083 2398 si
1108 2325 1419 2420 delegeremus,
1444 2324 1542 2396 filius

351 2451 440 2536 τούς
474 2451 530 2535 εἰς
563 2455 632 2541 τὴν
663 2457 816 2549 ἤπειρον
849 2452 986 2536 leuvas
1020 2475 1059 2525 se
1084 2452 1287 2526 subducere
1312 2451 1453 2525 diceret
1477 2451 1543 2540 iis,

350 2601 446 2673 quae
483 2578 631 2653 civitati
664 2580 861 2669 deberent,
897 2580 1053 2673 ideoque
1087 2579 1202 2652 etiam
1238 2580 1405 2673 patrem,
1431 2601 1543 2672 quem

348 2705 404 2790 εἰς
439 2710 506 2793 τὴν
533 2710 684 2803 ἤπειρον
709 2707 820 2780 ivisse
845 2729 1035 2800 nusquam
1061 2708 1193 2800 negat,
1220 2705 1319 2778 idem
1345 2708 1543 2800 peccatum

350 2833 579 2907 commisisse
604 2835 831 2908 concederet.
862 2833 989 2923 Vides,
1010 2836 1242 2926 quantopere
1254 2832 1343 2905 talis
1355 2833 1545 2906 sententia

349 2961 397 3033 ab
431 2960 496 3050 iis,
532 2984 628 3055 quae
662 2984 748 3034 reus
773 2983 905 3033 revera
929 2959 1064 3033 dixisse
1089 2960 1279 3054 putandus
1305 2962 1383 3050 est,
1409 2960 1543 3033 abhor-

348 3091 441 3161 reat.
475 3087 560 3161 Nisi
595 3089 704 3162 valde
729 3088 860 3177 fallor,
887 3087 979 3160 haec
1004 3087 1082 3160 fere
1107 3087 1295 3160 sententia
1320 3088 1542 3181 requiritur:

352 3214 412 3302 „Si
436 3215 532 3288 Aeni
559 3215 681 3310 degit,
707 3238 784 3288 non
810 3219 940 3287 tamen
967 3214 1037 3286 ulli
1064 3235 1153 3308 erga
1179 3213 1467 3287 Atheniensium
1492 3215 1543 3287 ai-

348 3343 509 3416 vitatem
536 3365 575 3416 se
602 3342 777 3415 subducit
803 3342 942 3432 officio,
967 3341 1066 3435 quod
1093 3344 1235 3413 ceteros
1260 3341 1300 3413 in
1320 3341 1450 3413 Asiam
1473 3343 1543 3413 mi·

348 3471 500 3564 grantes
547 3470 668 3542 facere
711 3469 901 3557 videmus,
937 3467 1004 3561 qui
1035 3490 1112 3540 non
1145 3469 1268 3540 solum
1300 3470 1342 3541 in
1375 3468 1542 3542 hostium

348 3594 440 3666 fines
473 3595 577 3668 sedes
611 3594 853 3667 fortunarum
878 3618 1033 3666 suarum
1057 3595 1312 3685 transferunt,
1339 3596 1402 3669 sed
1430 3595 1543 3669 Athe-

349 3722 496 3794 nienses
543 3722 674 3794 litibus
721 3745 869 3816 quoque
914 3722 1146 3796 mereatoriis
1193 3722 1368 3796 vexant.'’
1416 3722 1543 3814 Hane,

347 3871 463 3942 quern
491 3849 539 3922 ab
565 3849 669 3923 omni
694 3852 802 3943 parte
827 3852 929 3923 recte
954 3871 993 3922 se
1017 3850 1154 3923 habere
1179 3854 1273 3944 puto
1300 3851 1543 3940 sententiam,

345 3975 403 4046 ita
444 3975 537 4047 mihi
578 3976 756 4048 facillime
797 3977 996 4049 restituere
1031 3976 1175 4064 videor,
1212 3979 1258 4049 ut
1286 3977 1427 4050 inserto
1454 3983 1544 4051 ante

347 4102 496 4199 ἑτέρους
531 4103 692 4177 articulo
727 4106 836 4188 πούς,
861 4103 936 4176 levi
961 4104 1252 4197 transpositione
1277 4103 1466 4198 legamus:
1495 4145 1535 4156 —

345 4233 465 4327 ὥσπερ
499 4231 637 4320 (τοὺς)
673 4231 822 4328 ἑτέρους
857 4232 1045 4327 ὁρῶμεν
1077 4230 1164 4314 τοὺς
1199 4230 1253 4315 εἰς
1287 4234 1354 4320 τὴν
1390 4235 1542 4326 ἤπειρον

347 4359 498 4445 ἰόντας,
525 4361 595 4432 καὶ
622 4361 691 4450 (ica
717 4359 837 4452 codd.)
864 4359 1071 4444 οἰκοῦντας
1096 4384 1131 4454 q.
1147 4384 1175 4432 s.
1202 4360 1375 4434 Ceterum
1398 4361 1438 4432 in
1460 4383 1543 4434 ver·

346 4488 403 4562 bis
428 4492 497 4562 ιιοιὶ
521 4488 726 4575 οἰκοῦντας
748 4532 792 4545 -
817 4491 883 4564 ιιοιὶ
901 4488 1180 4582 δικαζομένους
1193 4490 1398 4585 particulas
1411 4491 1484 4563 καί
1495 4533 1542 4542 -
