3424 5320
690 449 792 532 '61

175 648 234 720 iba
271 651 316 721 ui
353 647 479 743 podius
517 647 747 721 desideretur
783 648 939 733 voeula,
978 648 1026 720 ab
1062 647 1296 744 Antiphonte
1330 652 1369 724 in

175 777 318 849 talibus
342 776 558 870 saepissime
582 775 772 861 adhibita,
795 767 875 850 οὖν.
897 774 1129 849 Praeferrem
1142 781 1272 851 autem
1286 802 1370 874 par·

175 903 336 976 bieulam
360 903 434 1001 ἄρ’,
459 903 533 974 nisi
556 926 632 977 uno
658 905 812 975 bandum
837 904 920 976 loeo
941 902 981 975 in
1002 904 1272 999 Antiphonbeis
1286 929 1372 980 eam

177 1034 324 1120 exstare
351 1031 534 1121 viderem,
561 1031 638 1103 seil.
665 1029 729 1102 VI.
756 1032 778 1122 ἕ
805 1030 845 1120 l,
870 1053 959 1102 nam
987 1029 1049 1104 VI.
1076 1033 1097 1122 ἓ
1124 1031 1169 1104 35
1197 1033 1371 1108 Baiterus

176 1182 245 1254 pro
269 1159 438 1232 codicum
464 1159 524 1255 ἄρ’
552 1157 731 1232 correxit:
759 1160 845 1256 γάρ.

227 1287 335 1364 Ηποο,
365 1291 473 1378 suni,
510 1309 606 1382 quae
643 1287 684 1357 in
721 1287 887 1360 medium
922 1285 1087 1381 proferre
1116 1288 1300 1363 habebam
1325 1290 1371 1364 de

175 1415 361 1510 particula
398 1417 489 1512 γάρ;
529 1437 622 1486 num
660 1416 792 1487 bamen
828 1437 960 1489 verum
999 1415 1179 1507 viderim,
1218 1419 1371 1512 dubim,

175 1544 354 1638 quoniam
391 1567 467 1617 non
504 1543 627 1616 solum
664 1541 756 1616 haee
788 1543 977 1637 particula
1009 1544 1049 1615 in
1083 1547 1194 1618 bexbu
1227 1548 1370 1621 tradito

173 1672 335 1745 molesta
360 1673 436 1761 est,
461 1670 525 1744 sed
550 1672 745 1764 praeterea
769 1671 902 1744 voeula
928 1670 981 1744 ἄν
1004 1693 1028 1743 a
1053 1671 1238 1746 eodieibus
1260 1676 1367 1748 abesb

173 1802 214 1872 eb
240 1822 307 1893 pro
333 1802 354 1873 ὁ
379 1799 567 1872 traditum
592 1800 651 1870 est
674 1795 759 1888 ὅδε,
785 1820 880 1892 quas
904 1800 982 1872 tres
1007 1799 1268 1891 difficultates,
1290 1799 1365 1875 uti-

173 1950 265 1999 nam
289 1949 419 2002 omnes
443 1949 519 1999 uno
545 1924 710 1998 remedio
735 1946 928 2000 removere
953 1949 1112 2021 possem.

731 2455 796 2565 V.

223 2695 244 2784 ἓ
268 2693 302 2764 8.
330 2700 478 2789 πρῶτον
502 2691 577 2784 μὲν
601 2683 691 2784 οὖν,
718 2695 770 2778 ὡς
795 2701 1109 2792 παρανομώτατα
1135 2696 1204 2769 καὶ
1229 2696 1363 2787 βιαιό-

175 2850 273 2894 τατα
311 2821 367 2905 εἰς
406 2819 518 2894 τόνδε
555 2822 622 2894 τὸν
661 2820 795 2920 ἀγῶνα
833 2829 1081 2913 καθέστηκα,
1121 2832 1232 2897 τούτο
1263 2827 1366 2917 ὑμᾶς

175 2949 341 3037 διδάξω,
368 2951 414 3024 οὐ
438 2957 490 3046 τῷ
516 2953 664 3047 φεύγειν
687 2952 737 3024 ἂν
763 2954 805 3024 τὸ
831 2952 975 3040 πλῆθος
1000 2955 1045 3025 τὸ
1065 2955 1262 3051 ὑμέτερον,
1287 2957 1366 3029 ἐπεὶ

174 3081 249 3154 κᾶν
273 3078 492 3174 ἀνωμότοις
516 3083 612 3172 ὑμῖν
637 3081 707 3154 καὶ
727 3084 779 3174 μὴ
800 3083 900 3154 κατα
921 3085 1045 3174 νόμον
1061 3079 1211 3171 μηδένα
1226 3086 1365 3179 ἐπιτρέ-

176 3232 300 3302 ψαιμι
342 3210 424 3307 περὶ
461 3218 527 3283 τοῦ
565 3212 745 3304 σώματος
783 3218 849 3283 τοῦ
888 3211 981 3303 ἐμοῦ
1019 3207 1364 3304 διαψηφίσασθαι,

175 3342 284 3412 ἕνεκα
311 3366 351 3436 γε
376 3345 442 3413 τοῦ
468 3341 658 3413 πιστεύειν
685 3341 778 3432 ἐμοί
798 3368 836 3412 τε
854 3337 977 3431 μηδὲν
999 3339 1285 3435 ἐξημαρτῆσθαι
1307 3341 1364 3426 εἰς

174 3464 262 3542 τόδε
295 3469 339 3541 τὸ
369 3476 526 3566 πρᾶγμα
553 3471 622 3542 καὶ
646 3472 751 3563 ὑμᾶς
775 3474 997 3568 γνώσεσθαι
1022 3471 1071 3542 aa*
1096 3469 1255 3556 δίκαια,
1284 3473 1363 3545 ἀλλ’

175 3601 243 3671 ἶνα
280 3594 301 3691 ᾖ
336 3606 519 3694 τεκμήρια
554 3601 649 3691 ὑμῖν
681 3602 750 3672 καὶ
784 3607 862 3675 τῶν
887 3599 1011 3674 ἄλλων
1032 3609 1266 3697 πραγμάτων
1289 3613 1367 3677 τῶν

174 3727 229 3810 εἰς
265 3725 332 3820 ἐμὲ
369 3731 390 3816 ή
425 3729 569 3801 τούτων
602 3729 785 3820 βιαιότης
818 3730 889 3801 καὶ
914 3731 1152 3822 παρανομία.
1178 3730 1202 3802 i.
1217 3753 1247 3804 e.
1275 3734 1364 3805 anie

175 3856 302 3930 omnia
335 3879 400 3930 vos
433 3855 589 3945 docebo,
622 3856 781 3943 iudices,
815 3879 930 3950 quam
955 3857 1153 3952 illegitime
1176 3881 1365 3953 quamque

174 3983 359 4057 violenter
383 3983 423 4055 in
448 3983 519 4056 hoe
543 3982 728 4055 adductus
754 3983 825 4055 sim
848 3982 1047 4076 iudicium,
1069 4008 1239 4080 nonque
1261 3985 1364 4058 defu·

174 4111 275 4206 giam
310 4110 595 4184 multitudinem
629 4112 815 4201 vestram,
848 4111 912 4184 sed
942 4115 987 4184 ub
1012 4112 1171 4185 isrorum
1197 4114 1366 4187 violenta

175 4241 216 4312 eb
248 4237 446 4332 illegitima
479 4238 613 4332 agendi
645 4238 743 4311 ratio
769 4239 874 4312 vobis
899 4239 1123 4313 documento
1149 4241 1199 4313 sib
1224 4243 1363 4314 aetera-

174 4390 260 4439 rum
295 4388 463 4460 quoque,
497 4388 590 4459 quas
624 4367 755 4438 eontra
780 4388 841 4438 me
867 4368 1044 4461 egerunt,
1071 4388 1209 4440 rerum.
1236 4368 1363 4444 Primo

172 4495 251 4566 iam
276 4493 408 4567 stabim
429 4492 606 4588 adspectu
628 4496 805 4588 apparet,
828 4517 944 4588 quam
966 4494 1202 4571 abundanter
1216 4495 1364 4570 adiecta
