3424 5320
909 482 956 556 50

338 670 478 760 sciant,
499 672 544 744 τὸ
564 671 812 769 συγκριτικὸν
834 671 961 764 ὄνομα
983 670 1159 744 adiectivi
1181 673 1339 769 γεραιός
1359 694 1436 746 111
1449 695 1530 746 esse

337 803 592 897 γεραιότερος,
618 799 683 873 sed
707 821 855 894 semper
880 799 1038 893 ubique,
1064 802 1217 872 extrusa
1240 800 1354 873 litera
1378 827 1400 874 1
1424 801 1528 875 inve·

337 928 411 999 niri
444 931 679 1026 γεραίτερος,
713 927 774 1021 (cf.
806 928 986 1023 Krueger.
1020 949 1074 1022 gr.
1096 949 1151 1021 gr.
1180 928 1209 1000 I.
1238 928 1339 1018 582.
1356 928 1388 1000 2.
1415 927 1527 1000 Α111.

330 1052 448 1128 Koch.
469 1079 524 1151 gr.
545 1080 601 1152 gr.
626 1054 785 1148 1311.)
806 1058 937 1127 tamen
954 1054 1081 1149 potius
1103 1058 1236 1127 eontra
1257 1057 1380 1129 artem
1403 1079 1527 1150 gram·

330 1182 510 1255 maticam
531 1184 708 1277 peccant,
730 1205 846 1277 quam
867 1184 913 1255 ut
930 1180 1033 1254 facili
1051 1181 1203 1276 negotio
1221 1204 1241 1254 e
1257 1183 1392 1256 codicis
1404 1183 1438 1256 Α
1450 1205 1527 1278 pr.:

329 1316 593 1409 γεραιρετέρων
620 1312 774 1400 eruant,
799 1309 899 1404 quod
924 1309 1048 1383 solum
1072 1307 1162 1381 ferri
1187 1313 1335 1403 potest:
1359 1319 1526 1408 γεραιτέ-

329 1464 415 1535 ρων.
435 1441 486 1512 At
507 1439 651 1513 dicent:
677 1439 797 1526 ,inest
817 1437 936 1533 igitur
956 1437 1074 1510 etiam
1096 1437 1231 1509 codicis
1254 1437 1356 1532 hpr.
1372 1439 1526 1514 lectioni

329 1567 502 1640 vitium''.
542 1566 646 1640 Inest
679 1565 851 1661 quidem,
881 1565 945 1638 sed
969 1567 1099 1637 tamen
1126 1564 1266 1638 vitium
1292 1569 1373 1656 est,
1400 1570 1446 1639 ut
1470 1569 1528 1641 ita

328 1694 470 1785 dicam,
491 1694 861 1782 innocentissimum,
882 1714 969 1764 cum
991 1714 1059 1786 per
1080 1691 1378 1787 dittographiam
1400 1698 1438 1788 (a
1451 1719 1528 1790 qua

329 1822 393 1897 vix
428 1823 510 1894 ulla
542 1822 725 1896 librorum
761 1821 1105 1915 manuscriptorum
1138 1820 1277 1915 pagina
1312 1845 1408 1916 pura
1434 1827 1526 1918 est),

332 1951 525 2047 geminata
550 1950 601 2022 sit
625 1950 771 2046 syllaba
797 1978 899 2045 ραι,
927 1952 966 2022 11
992 1948 1144 2043 quidem
1171 1948 1228 2020 ita
1247 1950 1461 2044 geminata,
1482 1954 1529 2024 ut

330 2101 407 2152 non
433 2082 515 2151 tam
542 2078 751 2172 scripturae
777 2101 893 2172 quam
916 2075 1238 2173 pronuntiationis
1264 2077 1363 2152 ratio
1387 2079 1525 2153 111111-

331 2206 424 2278 bita.
445 2205 546 2278 Nam
567 2206 844 2300 diphthongum
865 2233 918 2277 αι
941 2203 1094 2294 eodem,
1114 2225 1188 2298 quo
1209 2225 1277 2277 nos
1291 2204 1526 2299 proferemus

330 2332 485 2405 literam
510 2361 545 2422 ε,
572 2354 684 2422 1111,
710 2332 816 2405 reddi
840 2332 992 2405 solitam
1020 2353 1120 2420 esse,
1147 2334 1187 2403 et
1208 2332 1349 2426 passim
1370 2334 1423 2406 sic
1443 2358 1526 2430 pec-

330 2461 427 2549 cari,
460 2463 506 2533 ut
538 2489 591 2533 αι
625 2482 693 2553 pro
720 2460 965 2549 ascribatur,
996 2461 1066 2531 aut
1100 2482 1210 2554 apro
1246 2488 1319 2551 αι,
1344 2484 1421 2536 111
1447 2467 1526 2555 est,

334 2588 435 2683 quod
460 2588 630 2682 pluribus
655 2587 822 2661 doceam.

382 2715 558 2790 Ceterum
576 2738 653 2789 non
676 2718 776 2789 recte
799 2715 893 2786 mihi
913 2714 1064 2788 videtur
1076 2713 1523 2811 Hirschigiusipsahaec:

333 2852 411 2920 τῶν
447 2850 697 2942 γεραιτέρων,
731 2847 865 2938 utpote
902 2845 1029 2938 spuria
1062 2867 1082 2917 1
1112 2847 1293 2917 contextu
1321 2866 1526 2920 removere.

333 2973 433 3047 Nam
469 2977 680 3063 accusator,
706 2972 771 3067 qui
796 2994 926 3045 omnes
953 2971 1119 3044 intendit
1144 2971 1266 3061 vires,
1291 2975 1337 3045 ut
1361 2973 1416 3045 rei
1441 2995 1527 3047 con-

333 3099 613 3174 demnationem
646 3099 802 3189 efficiat,
834 3099 968 3172 callido
1003 3098 1161 3172 artificio
1189 3121 1278 3172 usus
1303 3099 1382 3173 eius
1407 3101 1527 3173 soclus

333 3228 390 3300 ita
414 3227 610 3317 describit,
634 3230 680 3300 ut
705 3225 778 3298 duo
806 3226 945 3298 seelera
965 3224 1163 3299 commissa
1185 3247 1284 3314 esse,
1304 3225 1391 3298 inde
1412 3247 1527 3321 appa-

334 3358 426 3429 reat.
462 3354 512 3427 111
536 3354 712 3427 attendas
737 3375 896 3447 quaes0,
921 3375 1037 3447 quam
1058 3354 1146 3446 apte
1167 3375 1247 3426 rem
1269 3375 1377 3426 suam
1396 3354 1527 3448 egerit.

335 3483 406 3557 Per
430 3484 586 3556 chiasmi
611 3482 748 3576 quippe
773 3480 933 3575 figuram
954 3480 1078 3571 docet,
1099 3503 1226 3570 reum,
1248 3480 1313 3575 qui
1333 3481 1526 3555 hominem

335 3612 472 3686 ἔτυπτέ
489 3640 526 3686 τε
550 3611 618 3683 καὶ
640 3611 794 3705 ἔπνιγεν
814 3614 883 3693 ἕως
905 3619 972 3699 τῆς
990 3621 1118 3704 Ψυχῆς
1136 3608 1383 3707 ἀπεστέρησεν
1396 3611 1528 3701 αὐτόν,

337 3740 487 3814 caedem
524 3738 768 3826 commisisse,
807 3736 871 3809 sed
898 3737 1048 3832 insuper
1073 3742 1227 3834 propter
1252 3740 1297 3812 τὸ
1320 3740 1432 3837 ὕβρει
1457 3741 1527 3814 καὶ

338 3869 531 3966 ἀκολασίᾳ
564 3877 762 3963 παροινεῖν
796 3863 867 3948 εἰς
900 3863 1052 3964 ἄνδρα
1079 3867 1374 3961 πρεσβύτην,
1399 3868 1527 3943 confu-

338 3999 435 4070 disse
460 3999 499 4072 et
519 3995 753 4091 proculcasse
773 3994 929 4067 ἱέπαντω
951 3994 999 4066 vd
1023 3999 1175 4090 νόμιμα
1190 4037 1233 4048 -
1248 3994 1527 4089 quorumnami

336 4127 535 4210 nimirum:
562 4132 640 4198 τῶν
665 4127 900 4220 γεραιτέρων.
936 4122 1037 4196 Nam
1063 4146 1107 4198 eo
1131 4123 1304 4218 graviore
1328 4145 1447 4218 poena
1473 4123 1528 4196 di-

338 4277 455 4348 gnum
481 4255 564 4328 erat
584 4251 832 4334 maleficium,
855 4252 955 4346 quod
969 4251 1212 4325 commissum
1225 4253 1322 4324 esset
1334 4251 1374 4322 in
1388 4273 1528 4342 senem,

336 4405 451 4476 quam
476 4386 664 4467 aetatem,
684 4383 729 4453 ut
749 4380 902 4453 iuvenes
924 4402 1073 4453 summa
1091 4402 1177 4453 oum
1198 4379 1342 4474 pictate
1363 4381 1403 4452 et
1424 4401 1528 4453 reve-

334 4510 458 4584 rentia
490 4511 654 4585 colerent
678 4506 837 4583 Athenis
861 4529 886 4578 a
909 4507 1033 4602 prima
1057 4508 1135 4580 iam
1161 4507 1326 4603 pueritia
1350 4506 1526 4582 institue-
