3424 5320
749 462 814 533 lll

198 653 305 721 θύων
330 651 399 720 καί
423 649 634 750 εὐχόμενος
658 645 750 745 ὑπὲρ
775 659 841 739 τῆς
862 627 1001 732 πόλεως
1022 651 1179 738 ταύτης,
1202 651 1271 722 καί
1292 652 1384 746 πρὸς

197 778 348 860 τούτοις
377 779 640 870 πρυτανεύσας
674 779 743 865 τὴν
775 779 924 871 πρώτην
957 777 1191 871 πρυτανείαν
1224 779 1383 852 ἅπασαν

197 905 290 992 πλὴν
317 901 427 978 δυοῖν
450 910 636 1000 ἡμέραιν,
662 906 731 976 καί
757 912 955 999 ἱεροποιῶν
980 905 1048 976 καί
1074 909 1179 979 θύων
1203 903 1296 1002 ὑπὲρ
1318 919 1385 997 τῆς

197 1029 477 1130 δημοκρατίας,
511 1035 580 1104 καὶ
613 1035 851 1123 ἐπιψηφίζων
876 1036 944 1105 καί
972 1033 1089 1129 λέγων
1114 1037 1274 1130 γνώμας
1301 1037 1383 1130 περὶ

195 1168 275 1234 τῶν
307 1164 498 1256 μεγίστων
523 1162 594 1232 καί
618 1161 790 1233 πλείστου
817 1159 938 1246 dilen
962 1173 1005 1253 τῇ
1032 1163 1134 1236 πόλει
1160 1165 1326 1258 φανερὸς
1351 1157 1381 1253 ἦ.

195 1287 252 1360 Ad
286 1288 376 1361 haee
409 1289 523 1362 verba
555 1287 828 1361 Herwerdenus
853 1287 990 1360 Mnem.
1019 1289 1083 1362 XI.
1110 1313 1193 1384 pag.
1223 1290 1293 1362 230
1319 1291 1382 1362 ad-

195 1418 322 1488 notat:
361 1438 528 1510 ,semper
561 1416 602 1486 in
635 1416 778 1487 talibus
812 1414 1025 1487 adhibitum
1059 1417 1137 1490 vidi
1162 1416 1382 1490 adverbium

193 1543 285 1632 loei,
318 1564 439 1636 neque
472 1565 631 1636 usquam
665 1543 839 1637 oopulam
870 1564 930 1614 me
963 1542 1086 1636 legere
1115 1544 1307 1616 memini.”
1333 1543 1382 1617 nt

192 1691 300 1759 sane,
326 1670 407 1742 iure
434 1692 501 1741 suo
527 1669 585 1741 vir
607 1669 835 1754 clarissimus
854 1669 890 1739 h.
912 1668 937 1740 l.
960 1669 1148 1743 desiderat
1160 1669 1389 1744 adverbium

192 1796 275 1868 looi.
311 1795 416 1880 Quod
452 1799 580 1870 autem
617 1818 703 1868 oum
729 1797 785 1867 ita
810 1796 1086 1868 restituendum
1113 1797 1310 1891 proponit,
1335 1799 1381 1868 ut

192 1923 394 1996 scribatur:
424 1928 525 2022 ἱερόν
551 1925 683 2012 ἐστιν,
712 1919 765 1996 οἶ
782 1924 980 2011 εἰσιόντες,
1010 1924 1093 1996 ideo
1118 1948 1253 2017 parum
1277 1928 1380 1998 reete

192 2049 295 2143 agit,
315 2051 405 2143 quia
428 2051 668 2140 adverbium,
690 2050 789 2144 quod
811 2051 1035 2143 requiritur,
1058 2074 1134 2123 non
1154 2052 1201 2123 ad
1221 2053 1378 2125 verbum

191 2177 376 2259 εἰσιόντες
401 2177 464 2251 sed
490 2178 616 2272 potius
641 2179 689 2250 ad
716 2179 995 2274 προςεύχονται
1020 2177 1256 2251 referendum
1277 2179 1378 2252 vide·

191 2307 266 2376 tur.
302 2304 403 2378 Nam
437 2328 514 2378 non
547 2304 746 2378 dicendum
777 2309 855 2394 est,
881 2327 993 2398 quem
1019 2305 1146 2400 losum
1170 2304 1377 2396 intrantes,

191 2431 254 2505 sed
287 2432 521 2506 solummodo
554 2433 619 2504 ubi
654 2434 725 2507 loei
759 2436 967 2520 senatores,
995 2454 1081 2503 eum
1108 2433 1377 2526 magistratum

191 2561 341 2650 ineant,
367 2563 459 2635 vota
483 2585 549 2656 pro
574 2562 628 2635 rei
654 2562 825 2656 publioae
851 2561 974 2633 salute
1000 2561 1193 2654 consipere
1219 2562 1376 2634 soleant.

190 2688 288 2761 Hine
308 2691 482 2782 apparet,
501 2691 547 2760 ut
568 2689 718 2782 opinor,
740 2711 860 2760 unum
880 2690 983 2760 reete
1004 2686 1078 2759 diei
1091 2709 1099 2758 :
1114 2676 1158 2759 οὗ
1179 2687 1375 2770 εἰσιόντες.

240 2815 369 2907 Aeque
402 2815 512 2888 faeile
544 2816 584 2886 in
618 2815 862 2908 sequentibus
896 2817 989 2909 puto
1024 2815 1236 2907 recuperari
1268 2836 1377 2907 posse

189 2942 393 3035 genuinam
418 2941 618 3015 lectionem
639 2943 857 3015 verborum:
882 2932 935 3016 ὧν
955 2940 1060 3038 κάγὼ
1078 2936 1186 3031 εἶςῆ,
1200 2943 1243 3024 ὃς
1254 2951 1377 3016 ταῦτα

190 3069 364 3166 πράττων
401 3091 435 3162 q.
462 3091 503 3157 s.,
537 3069 577 3139 in
610 3069 744 3161 quibus
779 3070 1004 3141 vocabulum
1037 3079 1159 3144 ταῦτα
1195 3070 1242 3141 ad
1268 3097 1375 3164 προς-

189 3198 374 3289 εύχονται
405 3196 568 3267 relatum
602 3196 734 3289 utique
758 3196 836 3267 iam
862 3197 1089 3269 mutandum
1114 3200 1212 3270 esset
1236 3198 1276 3268 in
1303 3199 1376 3270 sin-

188 3323 359 3416 gularem
392 3333 512 3396 τοῡτο.
546 3322 681 3396 Videas
717 3326 869 3412 autem,
893 3346 1051 3416 quaeso,
1077 3347 1171 3395 num
1195 3324 1376 3398 verisimi-

189 3449 262 3520 lius
295 3451 362 3538 sit,
400 3454 591 3523 oratorem
617 3451 668 3522 in·
683 3451 783 3522 huno
807 3450 884 3523 fere
909 3449 1064 3523 modum
1087 3451 1204 3523 verba
1227 3451 1374 3524 fecisse:

190 3597 235 3647 ex
264 3575 321 3646 his
356 3575 591 3647 senatoribus
618 3578 657 3648 et
682 3579 831 3669 egomet
856 3600 953 3649 unus
979 3599 1104 3661 eram,
1131 3577 1216 3670 qui,
1241 3580 1375 3671 utpote

189 3699 320 3773 eadem
344 3699 483 3772 faciens
508 3700 624 3773 etiam
645 3704 770 3773 oetera
790 3701 945 3775 deorum
967 3703 1111 3796 templa
1132 3704 1277 3775 intrans
1295 3728 1330 3797 q.
1346 3727 1374 3776 s.

188 3828 408 3921 oonspiouus
441 3849 555 3900 eram.
588 3827 669 3900 Ηοο
703 3827 813 3901 modo
846 3830 1185 3922 interpretantibus
1219 3830 1374 3921 suffieit,

188 3958 374 4028 commate
400 3957 485 4048 post
508 3976 713 4049 pronomen
740 3957 784 4039 ὃς
810 3955 948 4049 posito,
974 3959 1123 4029 mutare
1148 3958 1374 4030 vocabulum

187 4093 310 4156 ταῦτα
342 4083 400 4154 in:
427 4082 560 4156 ταύτίι.
585 4081 640 4154 At
663 4082 923 4156 animadverto
947 4082 1025 4153 iam
1051 4081 1308 4156 Maetznerum
1334 4085 1375 4155 in

188 4211 431 4284 adnotatione
456 4233 523 4282 sua
549 4209 681 4283 oritioa
701 4233 784 4304 pag.
813 4209 880 4281 120
901 4209 1102 4303 legendum
1123 4211 1372 4304 proposuisse:

188 4340 329 4425 ταύτά;
356 4361 470 4432 quem
493 4341 623 4411 tamen
648 4337 772 4409 virum
798 4335 950 4409 doctum
970 4335 1105 4409 ideireo
1126 4337 1281 4411 laudare
1298 4362 1374 4412 non

186 4490 358 4562 possum,
383 4466 483 4557 quod
507 4465 604 4537 hane
630 4463 885 4537 coniecturam
906 4463 953 4536 ad
975 4486 1063 4537 eum
1083 4467 1238 4537 tantum
1259 4466 1371 4539 finem
