3366 5324
700 489 747 568 47

36 687 37 700 *
175 686 311 762 Orator
348 684 477 780 igitur,
515 682 714 776 postquam
752 677 869 768 dixit,
901 677 1046 773 legibus
1081 680 1121 751 et
1156 675 1321 751 moribus

36 817 38 938 l
131 818 323 910 receptum
348 835 448 896 esse,
475 814 520 883 ut
544 811 776 883 accusatores
802 830 871 880 sua
897 827 1122 900 magnopere
1142 804 1323 878 interesse

36 943 37 1018 l
132 945 284 1041 putent,
319 943 360 1014 in
394 939 533 1024 causis,
565 959 662 1032 quae
694 937 740 1010 de
766 936 878 1010 caede
904 937 1014 1022 fiant,
1041 933 1169 1007 omnia
1193 955 1323 1008 secun·
1463 995 1466 999 ,

132 1074 219 1144 dum
242 1071 302 1143 ius
328 1071 369 1143 et
392 1069 449 1141 fas
473 1066 574 1149 fieri,
600 1065 640 1138 id
666 1065 836 1138 oratione
860 1086 927 1158 per
951 1062 1159 1158 particulas
1173 1091 1211 1134 τε
1226 1105 1271 1116 -
1284 1090 1324 1135 τε

131 1198 329 1293 bipertita,
347 1195 559 1269 accuratius
575 1191 909 1267 demonstrandum
928 1191 1102 1286 suscepit.
1128 1189 1184 1262 Ut
1195 1190 1322 1263 hacte-

131 1348 197 1398 nus
222 1325 353 1398 omnia
372 1325 474 1397 recte
496 1320 724 1416 procedunt,
746 1321 803 1392 ita
822 1318 965 1392 frustra
987 1319 1063 1390 iam
1085 1317 1324 1412 quaerimus,

36 1445 37 1464 *
130 1451 315 1547 quomodo
341 1448 566 1544 paragraphi
588 1451 747 1542 quartae
768 1446 884 1521 verba
905 1469 991 1519 cum
1013 1446 1079 1534 iis,
1100 1467 1197 1540 quae
1218 1466 1326 1538 prae·

131 1580 266 1654 cedunt
287 1581 309 1670 ἓ
331 1579 374 1667 3,
400 1581 490 1670 (quo
516 1578 561 1648 ut
586 1575 813 1658 referamus,
839 1597 908 1647 nos
934 1573 1035 1669 cogit
1059 1572 1245 1668 particula
1270 1575 1325 1665 rr)

130 1709 365 1782 cohaereant.
407 1704 508 1777 Nam
544 1727 607 1794 ea,
641 1726 738 1798 quae
764 1704 786 1794 ἓ
812 1708 833 1775 3
860 1704 1030 1791 exstant,
1055 1701 1321 1775 tantummodo

128 1835 274 1929 prolata
300 1835 410 1918 sunt,
438 1835 483 1905 ut
506 1832 554 1904 iis
579 1832 886 1906 demonstrentur
914 1830 1185 1904 antecedentia.
1224 1831 1323 1904 Hinc

35 1981 36 1988 ¹
128 1964 257 2035 autem
293 1963 470 2055 apparet,
505 1959 654 2032 nullum
680 1959 807 2033 locum
832 1979 911 2031 esse
937 1960 958 2049 ᾖ
983 1958 1004 2030 3
1030 1958 1236 2053 particulae
1263 1988 1321 2046 τε,

128 2091 190 2164 aed
223 2090 334 2163 unice
367 2092 472 2162 recte
504 2111 543 2161 se
573 2088 711 2162 habere
737 2109 821 2161 eam
846 2087 1040 2177 voculam,
1065 2110 1181 2182 quam
1206 2087 1321 2184 Saup-

129 2219 232 2313 pium
268 2218 388 2291 secuti
423 2217 649 2291 recentiores
683 2215 845 2290 editores
871 2215 1017 2302 delent,
1044 2217 1121 2289 scil.
1148 2216 1233 2314 γάρ.
1275 2219 1324 2290 At

129 2349 158 2419 si
192 2349 290 2420 hanc
323 2346 528 2422 lectionem
562 2346 785 2441 probamus,
822 2366 898 2417 non
924 2344 1087 2439 amplius
1113 2368 1152 2419 se
1178 2349 1324 2419 susten-

129 2478 211 2547 tare
244 2475 349 2549 valet
383 2494 541 2567 sequens
562 2475 666 2568 part.
696 2500 754 2561 τε,
779 2495 896 2567 quae,
922 2496 997 2566 quo
1023 2473 1220 2565 referatur,
1245 2475 1323 2548 iam

34 2587 35 2610 ¹
130 2624 204 2675 non
241 2601 407 2674 habebit.
448 2599 484 2673 N
487 2623 529 2674 ec
567 2599 720 2674 omnino
759 2599 1065 2673 antecedentibus
1102 2625 1169 2696 per
1205 2603 1322 2675 talem

34 2797 35 2818 ,
129 2730 358 2825 particulam
391 2728 645 2802 connectenda
681 2731 792 2818 sunt,
827 2749 923 2823 quae
959 2731 980 2820 g
1014 2727 1037 2798 4
1074 2729 1322 2820 subiciuntur,

34 2849 36 2904 l
130 2858 192 2932 sed
226 2857 462 2932 adversative
497 2855 623 2951 potius
657 2856 709 2928 eis
743 2855 963 2951 opponenda
988 2859 1109 2929 erunt.
1149 2855 1203 2930 Ob
1227 2857 1324 2931 hanc

131 3009 282 3060 causam
317 3009 384 3081 ego
417 2985 579 3058 libenter
611 2988 743 3057 auctor
776 3007 880 3072 sum,
906 2987 951 3057 ut
976 2987 1016 3056 et
1039 2983 1150 3057 initio
1176 2986 1197 3075 ἓ
1224 2989 1245 3057 3
1271 2986 1323 3060 le·

131 3119 261 3211 gatur:
300 3117 321 3188 ὁ
356 3114 445 3212 γάρ
471 3114 684 3188 ἀποθανών
717 3115 757 3185 at
782 3114 803 3203 ἓ
828 3112 851 3182 4
876 3136 943 3207 pro
968 3117 1074 3205 ἡμεῖς
1100 3141 1137 3184 τε
1162 3116 1321 3207 quanto·

132 3245 208 3316 cius
240 3244 486 3316 restituatur:
521 3248 629 3332 ἡμεῖς
664 3238 688 3313 δ
698 3246 724 3314 ε’.
759 3239 1045 3335 Unusquisque,
1079 3243 1220 3316 satisne
1254 3243 1325 3316 sibi

132 3374 225 3446 haec
262 3372 443 3446 correctio
477 3371 645 3467 placeat,
684 3370 763 3465 ipse
801 3369 998 3443 diiudicet:
1033 3371 1204 3466 equidem
1239 3395 1324 3446 eam

132 3524 207 3573 non
232 3501 343 3582 facile
367 3500 538 3573 abiciam.

183 3633 204 3722 ἓ
237 3631 269 3701 2.
305 3630 326 3701 ὅ
361 3658 398 3702 τε
432 3627 507 3726 γάρ
538 3625 629 3711 θεὸς
656 3669 702 3680 -
728 3631 894 3724 τροφέας
919 3656 957 3701 τε
982 3629 1049 3702 καὶ
1077 3629 1145 3722 (sio
1169 3630 1325 3724 codices)

135 3755 328 3855 παρέδωκε
359 3761 428 3848 τὴν
461 3769 531 3855 γῆν
565 3757 632 3829 καὶ
666 3759 734 3845 τὴν
761 3756 969 3830 θάλασσαν
994 3779 1029 3850 q.
1044 3779 1072 3830 s.
1111 3756 1253 3846 Nemo,
1279 3761 1325 3830 ut

134 3889 243 3980 puto,
271 3886 381 3960 hodie
407 3888 483 3972 est,
510 3885 575 3980 qui
601 3885 770 3972 dubitet,
796 3885 887 3979 quin
913 3883 953 3954 in
975 3883 1144 3957 codicum
1165 3884 1325 3958 lectione

134 4014 272 4087 vitium
297 4014 438 4098 lateat,
463 4035 551 4086 cum
571 4012 611 4084 in
632 4013 772 4087 verbis:
795 4013 963 4111 τροφέας
986 4041 1025 4087 τε
1046 4016 1116 4087 καὶ
1137 4011 1326 4110 παρέδωκε

135 4142 257 4217 altera
282 4143 415 4237 utique
440 4142 626 4237 particula
651 4141 828 4214 abundet.
867 4141 947 4214 Nec
970 4145 1101 4215 tamen
1121 4142 1326 4216 Maetzneri

135 4275 435 4364 ceterorumque,
462 4269 527 4364 qui
552 4269 685 4343 vocula
709 4271 785 4341 καί
803 4268 961 4342 delenda
985 4269 1244 4343 difficultatem
1268 4293 1324 4343 re·

136 4419 286 4473 movere
320 4396 567 4482 studuerunt,
602 4396 752 4470 criticae
781 4395 1005 4470 exercendae
1029 4396 1216 4470 rationem
1242 4421 1327 4492 pro·

133 4525 275 4616 barim,
302 4547 388 4598 cum
414 4524 520 4597 nulla
544 4523 700 4598 indicari
725 4523 845 4618 possit
869 4545 1001 4608 causa,
1027 4545 1093 4596 cur
1119 4524 1211 4599 haec
1242 4549 1326 4623 par-
