3366 5324
724 465 767 544 17

141 653 261 726 daret.
296 651 393 726 Sunt
426 653 546 748 igitur
580 653 751 727 homines
784 652 988 747 deperditi,
1023 654 1176 728 infimae
1201 657 1335 741 notae,

142 782 208 872 qui
235 781 357 876 specie
382 780 537 854 ultionis
564 781 658 854 nihil
685 781 788 853 aliud
815 783 952 876 agunt,
975 803 1091 875 quam
1114 783 1159 854 ut
1180 803 1246 876 per
1263 803 1336 855 sce-

143 911 202 982 lus
236 909 436 1005 pecuniam
469 909 540 983 sibi
574 912 804 1004 comparent.
839 907 893 980 At
923 908 962 980 id
993 908 1137 1003 ipsum,
1172 909 1248 981 scil.
1275 931 1336 982 eos

145 1037 265 1132 specie
289 1040 445 1110 tantum
469 1047 520 1132 τῷ
546 1035 730 1110 διώκοντι
755 1034 938 1128 βοηθεῖν,
964 1057 1050 1108 cum
1075 1057 1205 1108 revera
1226 1036 1337 1130 longe

143 1164 248 1237 aliud
280 1163 371 1257 quid
403 1164 629 1255 moliantur,
662 1164 785 1237 multo
819 1164 1030 1238 accuratius
1053 1163 1337 1258 exprimendum

144 1295 247 1382 erat,
279 1315 394 1388 quam
425 1293 470 1365 fit
494 1315 561 1387 per
586 1294 743 1387 simplex
768 1293 1031 1388 βοηθοῦντας.
1047 1293 1246 1382 Blassius,
1271 1292 1337 1386 qui

143 1421 215 1494 hoc
239 1420 447 1510 intellexit,
473 1419 686 1494 sententiae
711 1420 948 1493 satisfactum
970 1442 1048 1494 esse
1068 1420 1336 1510 arbitrabatur,
1390 1409 1392 1414 ’

143 1548 288 1621 inserta
325 1547 525 1642 negatione
563 1549 628 1638 ου,
662 1547 780 1641 quod,
814 1571 908 1619 num
934 1546 1094 1621 feliciter
1119 1547 1338 1637 coniecerit,
1402 1579 1406 1588 ·

145 1674 319 1769 equidem
357 1675 467 1748 valde
503 1674 647 1749 dubito.
681 1674 781 1748 Nam
803 1675 1015 1770 perhibere,
1037 1678 1292 1749 accusatorem
1315 1698 1338 1746 a

144 1801 459 1897 subscriptoribus
505 1803 658 1875 omnino
695 1826 771 1876 non
811 1803 1019 1892 sublevari,
1057 1803 1219 1874 nimium
1258 1805 1336 1891 est,

144 1952 267 2024 neque
292 1929 328 2002 id
355 1953 379 2001 a
403 1952 466 2003 reo
493 1930 725 2024 perhibitum
751 1933 855 2025 puto.
882 1930 960 2025 Ego
985 1930 1102 2025 igitur
1128 1935 1260 2004 auctor
1272 1954 1336 2024 po·

144 2058 222 2130 tius
260 2057 470 2130 exstiterim
503 2058 696 2131 lectionis:
731 2059 923 2151 βοηθ<οῑν
957 2056 1212 2146 δοκ>οῦνταςτ
1248 2060 1338 2131 sunt

144 2183 315 2256 homines
350 2181 485 2256 nefarii
519 2187 558 2257 et
591 2183 760 2274 scelesti,
793 2185 859 2278 qui
891 2185 1119 2258 accusatoris
1144 2189 1272 2281 partes
1299 2207 1337 2259 se

144 2311 329 2384 sustinere
362 2311 565 2401 simulant,
590 2314 636 2384 ut
660 2312 823 2385 occisum
849 2312 1099 2403 ulciscantur,
1124 2313 1247 2409 reipsa
1272 2337 1338 2388 au-

145 2439 248 2526 tem,
273 2439 317 2509 ut
347 2459 549 2510 crumenae
574 2459 665 2510 suae
691 2437 901 2511 consulant.

194 2564 239 2637 In
264 2565 506 2659 sequentibus
531 2566 633 2638 recte
657 2565 846 2660 Kayserus
872 2565 967 2638 Mus.
994 2565 1111 2640 Rhen.
1136 2568 1229 2659 XII,
1254 2594 1339 2666 pag.

146 2692 218 2764 238
252 2715 319 2788 pro
354 2691 525 2765 codicum
559 2691 737 2766 lectione:
774 2698 1020 2791 κατηγορεῖτέ
1050 2722 1127 2789 μου
1152 2698 1338 2771 restituit:

144 2824 391 2919 κατηγορεῖτο
423 2847 520 2912 μου,
553 2820 673 2915 quod,
706 2843 772 2893 cur
806 2822 972 2894 Blassius
1005 2823 1045 2894 in
1081 2826 1230 2898 textum
1263 2850 1339 2900 non

145 2950 348 3045 receperit,
382 2948 483 3019 haud
516 2949 635 3044 magis
669 2948 867 3044 intellego,
900 2973 1015 3044 quam
1045 2974 1119 3045 quo
1142 2953 1225 3026 iure
1249 2957 1340 3028 ante

146 3100 226 3152 voc.
251 3074 486 3160 ἀδικοῦντας
506 3074 686 3169 quiddam
706 3076 881 3150 excidisse
902 3079 1092 3151 statuerit.
1106 3078 1280 3154 conferas
1294 3083 1340 3156 de

144 3206 268 3278 altera
299 3205 369 3277 hac
396 3203 616 3299 quaestione
641 3203 759 3277 etiam
785 3203 939 3278 Schoell.
967 3204 1196 3281 Fleckeiseni
1222 3231 1338 3302 anna·

143 3332 244 3405 libus
269 3332 373 3423 0111,
399 3354 485 3427 pag.
512 3330 594 3404 303.

195 3463 231 3559 γ’.
252 3461 322 3552 52.
347 3460 573 3549 Accusator,
603 3480 689 3532 cum
715 3459 889 3534 hocloco
917 3463 1047 3535 omnia
1073 3485 1136 3536 reo
1163 3463 1342 3538 interclu-

145 3589 214 3662 dat
249 3587 414 3684 refugia,
453 3609 502 3660 ne
542 3587 783 3666 commissum
816 3589 935 3662 scelus
971 3591 1018 3662 ad
1054 3591 1146 3664 alios
1180 3591 1342 3684 referat,

145 3719 271 3792 addit:
299 3724 370 3792 εἴτε
390 3716 499 3790 ἄλλοι
521 3713 623 3798 τινὲς
643 3719 771 3814 ἕταρόν
791 3746 829 3788 τι
851 3729 1026 3792 τοιοῦτον
1043 3729 1342 3818 κακουργοῦντες

146 3849 335 3942 ὀφθέντες
381 3844 443 3921 ὑπ’
482 3846 630 3928 αὐτῶν,
669 3850 736 3919 ἵνα
775 3849 829 3942 μὴ
865 3853 1074 3944 γνωσθῶσι
1113 3845 1342 3946 διέφθειραν

146 3979 307 4062 αὐτούς,
342 3977 427 4071 ἅμα
463 3985 515 4071 τῷ
546 3975 688 4047 τούτων
715 3979 820 4072 φόνῳ
844 3979 888 4048 τὸ
912 3980 1159 4075 κακούργημα
1184 3980 1235 4052 ἂν
1260 3979 1340 4066 ἐκη-

146 4108 302 4204 ρύσσετο
338 4105 407 4177 καὶ
439 4104 495 4187 εἰς
524 4105 679 4186 τούτους
707 4103 758 4176 ἂν
784 4110 805 4192 ἡ
830 4106 977 4192 ὑποψίαι
1003 4099 1091 4194 ἧκαν
1115 4107 1138 4179 i.
1162 4128 1193 4179 e.
1219 4128 1340 4200 neque

145 4235 217 4309 huc
248 4257 335 4308 reus
368 4232 514 4306 dicendi
538 4231 686 4305 ratione
711 4233 770 4305 uti
795 4237 943 4329 potest,
970 4238 1014 4308 ut
1034 4234 1249 4329 perhibeat,
1275 4235 1340 4308 ho-

146 4363 266 4438 mines
304 4363 469 4457 perditos
505 4362 546 4434 in
584 4361 721 4434 scelere
757 4363 920 4456 quodam
959 4363 1103 4438 nelario
1141 4367 1341 4459 occupatos

144 4493 316 4588 aspectos
342 4513 421 4564 esse
447 4491 494 4564 ab
521 4489 609 4578 illo,
634 4488 787 4561 domum
816 4514 839 4562 a
864 4513 956 4564 cena
980 4491 1182 4582 redeunte,
1208 4495 1268 4584 et,
1293 4516 1341 4566 ne

1176 4619 1192 4667 ι
