3424 5320
928 461 974 538 98

360 653 641 749 perspexeritis,
674 653 862 728 Herodem
894 677 970 727 non
1001 677 1025 725 a
1060 676 1120 727 me
1154 654 1316 728 occisum
1342 674 1438 743 esse,
1465 677 1566 727 sero

358 781 605 876 intellegetis,
638 805 700 855 me
733 781 862 854 sceleri
895 781 1098 854 obnoxium
1130 803 1206 854 non
1240 780 1373 867 fixisse,
1407 803 1549 874 vosque
1640 846 1642 848 ,

358 907 584 1000 poenitebit,
618 908 718 1001 quod
750 931 825 981 non
856 902 895 982 εὖ
930 907 1209 1000 ἐβουλεύσασθε
1236 909 1300 980 sed
1326 911 1406 1000 μετ’
1433 907 1548 1004 ὀργῆς

353 1035 421 1106 καὶ
454 1031 653 1132 διαβολῆς.
689 1035 863 1129 Temperi
897 1034 1014 1128 igitur
1039 1033 1181 1128 aliquid
1205 1033 1315 1124 date,
1342 1055 1389 1106 ne
1415 1036 1546 1127 postea

351 1161 457 1234 vobis
489 1162 679 1235 sententia
713 1161 897 1234 mutanda
931 1162 982 1233 sit
1015 1163 1054 1233 et
1087 1160 1239 1254 quidem
1264 1160 1321 1232 ita
1341 1159 1547 1250 mutanda,

349 1291 395 1360 ut
427 1311 492 1362 vos
527 1311 587 1362 me
611 1281 803 1362 insontem
829 1287 1094 1362 condemnasse
1121 1286 1387 1359 confiteamini.
1414 1285 1544 1357 Conl-

349 1437 410 1486 ras
433 1414 663 1488 sententiam
692 1414 855 1487 similem
878 1417 924 1486 Α.
947 1411 981 1485 ὃ.
1004 1414 1081 1504 §2²
1104 1422 1227 1486 ταῦτα
1249 1409 1319 1487 ολιν
1332 1413 1545 1504 σεβόμενοι

351 1540 466 1624 ὁσίως
491 1543 559 1614 καὶ
584 1539 752 1627 δικαίως
778 1541 960 1614 α’πολύετέ
979 1567 1045 1633 με,
1072 1541 1141 1613 καὶ
1166 1544 1218 1632 μὴ
1238 1550 1546 1634 μετανοήσαντες

350 1671 419 1757 τὴν
457 1668 657 1767 ἁμαρτίαν
695 1678 833 1767 γνῶτε·
873 1665 1038 1752 ἄνιάτος
1076 1667 1147 1764 γάρ
1184 1673 1205 1757 ἡ
1242 1669 1427 1761 μετάνοια
1464 1675 1544 1743 τῶν

352 1798 532 1871 τοιούτων
559 1798 665 1871 ἐστίν
691 1799 730 1870 et
756 1797 801 1869 V.
825 1795 924 1887 591:
951 1796 991 1868 ἐν
1012 1793 1054 1868 δὲ
1077 1807 1160 1878 τοῖς
1182 1794 1409 1884 ἀνηκέστοις
1431 1796 1545 1871 πλέον

352 1925 509 2018 βλάβος
543 1927 587 1999 τὸ
622 1935 822 2017 μετανοεῖν
856 1925 925 1997 καὶ
951 1931 1100 2022 γνῶναι
1128 1927 1449 2021 ἐξημαρτηκότας.
1477 1923 1543 1996 Oe·

350 2056 497 2143 terum,
531 2054 562 2125 si
595 2055 678 2148 quis
712 2076 791 2128 voc.
826 2065 936 2128 τοῦτο
962 2054 1077 2127 deleri
1102 2077 1217 2148 quam
1242 2054 1385 2127 mutari
1412 2054 1545 2142 malit,

352 2181 526 2275 equidem
552 2204 628 2255 non
653 2183 762 2256 valde
787 2183 1013 2278 refragabor.

400 2307 492 2398 §va
520 2308 671 2382 Codices
698 2310 874 2384 tradunt:
900 2314 946 2385 οὐ
974 2313 1047 2407 γαρ
1068 2313 1176 2386 ε’·’σειν
1197 2312 1218 2384 ὅ
1238 2341 1277 2383 τι
1296 2312 1543 2408 ὀργιζόμενος

353 2434 559 2531 ἅνθρωπος
585 2436 636 2507 ἂν
657 2437 776 2532 γνοίη·
804 2439 899 2511 αὐτὸ
924 2438 998 2536 γάρ
1023 2429 1051 2534 ᾧ
1077 2440 1325 2531 βουλεύεται,
1351 2443 1420 2528 τὴν
1448 2443 1544 2537 γνώ-

352 2588 431 2656 μην
457 2560 679 2660 διαφθείρει
704 2573 769 2638 τοῦ
794 2563 1010 2658 ἀνθρώπου.
1037 2566 1200 2639 Facilem
1226 2569 1340 2660 atque
1365 2571 1540 2660 paratam
1616 2593 1619 2597 ·
1684 2607 1685 2618 κ

349 2692 422 2765 viri
446 2691 547 2764 docti
572 2691 628 2763 his
654 2692 776 2766 verbis
802 2693 879 2764 iam
906 2692 1158 2766 adhibuerunt
1184 2693 1425 2782 medicinam,
1452 2717 1539 2767 cum

351 2819 556 2891 secundum
589 2817 741 2891 Stobaei
766 2819 845 2892 flor.
873 2819 955 2892 XX.
983 2818 1049 2905 44,
1076 2819 1141 2892 ubi
1165 2819 1227 2892 hic
1250 2820 1352 2893 loeus
1378 2821 1540 2907 citatur,

350 2948 389 3018 et
413 2949 503 3019 ante
529 2947 778 3043 ὀργιζόμενος
799 2946 1068 3040 suppleverunt
1088 2947 1313 3040 particulam
1335 2946 1541 3019 ductante

349 3076 461 3170 γνοίη
486 3096 553 3168 pro
576 3072 744 3146 codicum
764 3073 925 3146 lectione
946 3073 997 3146 ἄν
1017 3073 1296 3146 substituerunt
1313 3073 1539 3147 vocabulum

348 3194 398 3274 εὖ.
433 3201 531 3273 Huic
563 3200 784 3273 correctioni
814 3221 882 3294 ego
914 3199 1077 3272 libenter
1104 3201 1316 3290 subscribo,
1341 3199 1414 3270 nisi
1438 3200 1539 3292 quod

349 3327 573 3420 particulam
600 3325 651 3398 ἄν
675 3347 751 3397 non
777 3328 866 3397 ante
892 3326 957 3397 sed
983 3326 1108 3419 potius
1134 3328 1219 3419 post
1239 3347 1318 3399 voc.
1346 3327 1537 3423 ὀργιζόμε-

348 3475 417 3535 νος
441 3452 673 3524 inseruerim.
700 3450 757 3522 lbi
782 3453 882 3523 certe
904 3454 942 3522 et
964 3455 1204 3545 exspectatur
1224 3468 1263 3524 et
1283 3451 1393 3526 facile
1410 3455 1538 3548 potuit

348 3578 524 3652 excidere.
552 3577 657 3662 Quod
683 3580 812 3649 autem
838 3577 885 3648 ad
912 3579 1126 3671 sequentia,
1153 3601 1249 3672 quae
1275 3579 1376 3651 haud
1401 3603 1538 3674 paucas

347 3707 543 3779 continent
576 3703 835 3791 difficultates,
865 3725 910 3776 ea
941 3703 1111 3777 Reislrius
1144 3706 1200 3777 ita
1225 3705 1446 3798 explicavit,
1472 3709 1539 3796 ut,

349 3831 439 3924 quid
465 3831 505 3902 in
529 3830 600 3903 hoc
624 3831 706 3903 loco
732 3829 963 3902 emendando
989 3831 1094 3924 sequi
1119 3831 1340 3921 debeamus,
1366 3831 1537 3926 suppedi-

349 3959 408 4029 tet
433 3956 539 4030 nobis
564 3957 643 4029 eius
669 3956 875 4029 adnotatio.
902 3955 1083 4030 Observat
1110 3959 1230 4048 enim,
1256 3960 1370 4032 verba
1393 3951 1422 4031 ὦ
1443 3962 1538 4053 βοο-

346 4081 487 4156 λεὺεται
513 4083 639 4157 valere
665 4083 690 4154 i.
705 4106 737 4153 a.
765 4081 853 4176 μεθ’
876 4072 919 4157 οὗ
941 4084 1163 4177 βουλεύεται
1185 4087 1206 4158 ὁ
1228 4085 1450 4183 ἄνθρωπος,
1473 4087 1537 4159 ad·

345 4210 476 4305 ditque
502 4212 608 4285 verbi
635 4209 858 4303 διαφθείρει
884 4213 1095 4286 subiectum
1116 4213 1219 4284 aliud
1242 4236 1320 4286 esse
1341 4237 1416 4288 non
1429 4237 1537 4309 posse

346 4361 461 4432 quam
494 4344 516 4428 ἡ
549 4340 658 4437 ὀργῆ,
691 4361 897 4434 pronomen
923 4343 1052 4413 autem
1078 4343 1195 4430 αὐτό,
1222 4342 1328 4414 cuius
1352 4343 1536 4436 interpre-

344 4467 442 4541 tatio
477 4469 528 4542 sit
552 4473 620 4558 τὴν
643 4470 821 4567 γνώμην,
848 4469 1106 4543 accusativum
1132 4491 1211 4542 esse
1237 4472 1420 4563 oportere.
1451 4470 1536 4558 ,Ira
